Area,Date,Room,Supply,Demand,Occupancy,ADR,RevPAR,Room_Revenue,F&B_Revenue,Total_Revenue
Hualien,2019-01-31,1286,39866,16481,0.41,2395.71,990.41,39483652,35525375,81968544
Hualien,2019-02-28,1287,36036,17038,0.47,4066.67,1922.74,69287971,37428983,117989468
Hualien,2019-03-31,1286,39866,17599,0.44,2630.65,1161.31,46296845,34053830,88415173
Hualien,2019-04-30,1286,38580,20505,0.53,9001.2,4784.08,184569625,36275692,230796216
Hualien,2019-05-31,1286,39866,21223,0.53,2602.26,1385.34,55227792,40847051,105775171
Hualien,2019-06-30,1286,38580,23676,0.61,3090.81,1896.79,73178028,48985879,135733785
Hualien,2019-07-31,1286,39866,28534,0.72,3636.62,2602.9,103767179,52751705,175528487
Hualien,2019-08-31,1286,39866,26994,0.68,3567.37,2415.53,96297513,50374092,163452128
Hualien,2019-09-30,1286,38580,18123,0.47,3281.78,1541.62,59475777,44462233,116897606
Hualien,2019-10-31,1286,39866,22427,0.56,3312.51,1863.48,74289559,48755635,136250608
Hualien,2019-11-30,1286,38580,20412,0.53,3008.5,1591.74,61409402,48328395,121844266
Hualien,2019-12-31,1286,39866,20412,0.51,3008.5,1540.4,61409402,48328395,121844266
Kaohsiung,2019-01-31,4041,125271,73568,0.59,2397.74,1408.12,176396594,285906467,507621263
Kaohsiung,2019-02-28,4041,113148,74750,0.66,2917.58,1927.47,218089476,261316724,541809416
Kaohsiung,2019-03-31,4041,125271,81655,0.65,2351.61,1532.84,192020612,235693709,471736352
Kaohsiung,2019-04-30,4041,121230,83243,0.69,2281.88,1566.86,189950129,195757106,425906626
Kaohsiung,2019-05-31,4041,125271,81481,0.65,2191.99,1425.75,178605733,215020913,432104760
Kaohsiung,2019-06-30,4041,121230,76379,0.63,2259.18,1423.36,172553578,220754496,436978596
Kaohsiung,2019-07-31,3456,107136,75344,0.7,2313.93,1627.28,174340773,190471115,397177389
Kaohsiung,2019-08-31,3456,107136,73018,0.68,2373.14,1617.4,173282012,207050319,413765186
Kaohsiung,2019-09-30,3456,103680,62205,0.6,2305.49,1383.23,143412850,202157968,408737111
Kaohsiung,2019-10-31,3456,107136,69952,0.65,2360.47,1541.21,165119323,203371646,398053997
Kaohsiung,2019-11-30,3159,94770,69812,0.74,2374.23,1748.97,165749591,221348387,420593745
Kaohsiung,2019-12-31,3159,97929,69812,0.71,2374.23,1692.55,165749591,221348387,420593745
Others,2019-01-31,4781,148211,73175,0.49,3511.67,1733.79,256966114,306582253,627638976
Others,2019-02-28,4782,133896,68842,0.51,4515.68,2321.72,310868378,275181297,652651513
Others,2019-03-31,4780,148180,81652,0.55,3273.01,1803.54,267247915,242196812,574177788
Others,2019-04-30,4830,144900,86547,0.6,3302.82,1972.73,285849227,229799991,577317824
Others,2019-05-31,4829,149699,83975,0.56,3204.22,1797.44,269074741,276011437,604531943
Others,2019-06-30,4830,144900,87653,0.6,3474.96,2102.08,304590905,278866973,649682001
Others,2019-07-31,4818,149358,93903,0.63,3807.53,2393.84,357538519,273098050,697533715
Others,2019-08-31,4814,149234,89435,0.6,3894.54,2333.97,348307847,283731714,705735939
Others,2019-09-30,4795,143850,77251,0.54,3411.59,1832.11,263548816,251537909,579051810
Others,2019-10-31,4735,146785,88205,0.6,3513.89,2111.54,309942961,278764064,662816035
Others,2019-11-30,4735,142050,87108,0.61,3516.82,2156.59,306343256,289113609,697801731
Others,2019-12-31,4735,146785,87108,0.59,3516.82,2087.02,306343256,289113609,670369666
Scenery,2019-01-31,2908,90148,49566,0.55,4784.47,2630.64,237147245,122465139,392187954
Scenery,2019-02-28,2911,81508,49148,0.6,6195.81,3735.97,304511847,127845083,472853270
Scenery,2019-03-31,2909,90179,50567,0.56,4691.15,2630.52,237217375,122322902,390894466
Scenery,2019-04-30,2909,87270,50560,0.58,4914.3,2847.11,248466924,111037367,389172562
Scenery,2019-05-31,2974,92194,48669,0.53,4660.2,2460.11,226807142,112521061,369543819
Scenery,2019-06-30,2974,89220,52856,0.59,5006.32,2965.86,264613988,127759011,428301191
Scenery,2019-07-31,2974,92194,59457,0.64,5851.49,3773.7,347912285,135390527,527633137
Scenery,2019-08-31,2972,92132,58161,0.63,5819.93,3674.0,338492839,134676280,516111410
Scenery,2019-09-30,2980,89400,47042,0.53,5213.05,2743.09,245232363,109483018,386136568
Scenery,2019-10-31,2864,88784,54480,0.61,5209.34,3196.57,283804608,124427056,445575955
Scenery,2019-11-30,2864,85920,54002,0.63,4873.28,3062.93,263166722,132418963,432203623
Scenery,2019-12-31,2864,88784,54002,0.61,4873.28,2964.12,263166722,132418963,432203623
Taichung,2019-01-31,1486,46066,28829,0.63,2598.69,1626.31,74917555,143538320,250204935
Taichung,2019-02-28,1486,41608,23513,0.57,3147.44,1778.64,74005725,112183575,215428885
Taichung,2019-03-31,1486,46066,31924,0.69,2495.51,1729.41,79666798,94943220,208924497
Taichung,2019-04-30,1486,44580,29360,0.66,2495.04,1643.21,73254451,76917570,177100758
Taichung,2019-05-31,1486,46066,27518,0.6,2390.04,1427.72,65769242,99849350,193642290
Taichung,2019-06-30,1486,44580,29551,0.66,2452.84,1625.93,72484000,106858062,208102157
Taichung,2019-07-31,1484,46004,29855,0.65,2503.09,1624.42,74729620,89374883,193562570
Taichung,2019-08-31,1484,46004,29784,0.65,2517.83,1630.1,74990920,100762271,205979145
Taichung,2019-09-30,1484,44520,25312,0.57,2539.53,1443.86,64280587,125345464,220414611
Taichung,2019-10-31,1484,46004,30813,0.67,2637.54,1766.6,81270468,101644163,232838604
Taichung,2019-11-30,1484,44520,31751,0.71,2447.36,1745.42,77706011,105432113,215413580
Taichung,2019-12-31,1484,46004,31751,0.69,2447.36,1689.11,77706011,105432113,215413580
Taipei,2019-01-31,11210,347510,246082,0.71,4414.34,3125.92,1086289575,1599957459,3054642156
Taipei,2019-02-28,11218,314104,224765,0.72,4278.39,3061.51,961632272,1201234324,2475938817
Taipei,2019-03-31,11220,347820,282999,0.81,4349.45,3538.87,1230890213,1209054922,2793095656
Taipei,2019-04-30,11251,337530,258825,0.77,4342.18,3329.67,1123863775,987826347,2425018796
Taipei,2019-05-31,11138,345278,263671,0.76,4591.49,3506.29,1210643427,1227430063,2803080462
Taipei,2019-06-30,11136,334080,235972,0.71,4185.9,2956.64,987754772,1189928459,2514257667
Taipei,2019-07-31,11135,345185,246471,0.71,4114.21,2937.65,1014034070,1033219826,2358991765
Taipei,2019-08-31,11131,345061,261189,0.76,4200.02,3179.15,1096999342,1078401623,2483648072
Taipei,2019-09-30,11138,334140,226577,0.68,4192.23,2842.71,949863610,1161302037,2457922813
Taipei,2019-10-31,11149,345619,261146,0.76,4423.48,3342.34,1155174757,1172107112,2664398419
Taipei,2019-11-30,11255,337650,281554,0.83,4504.09,3755.79,1268143332,1305931396,2940105569
Taipei,2019-12-31,11149,345619,281554,0.81,4504.09,3669.19,1268143332,1305931396,2940105569
Taoyuan-Hsinchu-Miaoli,2019-01-31,3695,114545,75340,0.66,2785.9,1832.38,209889483,282828215,533111955
Taoyuan-Hsinchu-Miaoli,2019-02-28,3695,103460,67048,0.65,2781.66,1802.68,186504853,186922519,406107484
Taoyuan-Hsinchu-Miaoli,2019-03-31,3695,114545,82867,0.72,2625.79,1899.62,217591719,187602279,441923803
Taoyuan-Hsinchu-Miaoli,2019-04-30,3695,110850,74281,0.67,2658.58,1781.53,197482170,167868353,396932873
Taoyuan-Hsinchu-Miaoli,2019-05-31,3695,114545,71189,0.62,2686.6,1669.71,191256611,193792393,417399211
Taoyuan-Hsinchu-Miaoli,2019-06-30,3695,110850,70069,0.63,2723.69,1721.66,190846043,203198716,428434063
Taoyuan-Hsinchu-Miaoli,2019-07-31,3695,114545,73062,0.64,2704.06,1724.77,197564238,177570880,409421451
Taoyuan-Hsinchu-Miaoli,2019-08-31,3695,114545,78774,0.69,2633.69,1811.22,207466042,191796920,433848158
Taoyuan-Hsinchu-Miaoli,2019-09-30,3695,110850,64708,0.58,2701.83,1577.18,174829987,233654617,441804111
Taoyuan-Hsinchu-Miaoli,2019-10-31,3695,114545,80641,0.7,2733.58,1924.47,220438313,226593046,485659894
Taoyuan-Hsinchu-Miaoli,2019-11-30,3690,110700,80932,0.73,2702.53,1975.8,218721363,225218031,481380747
Taoyuan-Hsinchu-Miaoli,2019-12-31,3690,114390,80932,0.71,2702.53,1912.07,218721363,225218031,481380747
Total,2019-01-31,29407,911617,563041,0.62,3696.16,2282.86,2081090218,2776803228,5447375783
Total,2019-02-28,29420,823760,525104,0.64,4046.63,2579.51,2124900522,2202112505,4882778853
Total,2019-03-31,29417,911927,629263,0.69,3608.87,2490.26,2270931477,2125867674,4969167735
Total,2019-04-30,29498,884940,603321,0.68,3817.93,2602.93,2303436301,1805482426,4622245655
Total,2019-05-31,29449,912919,597726,0.65,3676.24,2406.99,2197384688,2165472268,4926077656
Total,2019-06-30,29448,883440,576156,0.65,3585.87,2338.61,2066021314,2176351596,4801489460
Total,2019-07-31,28848,894288,606626,0.68,3741.82,2538.21,2269886684,1951876986,4759848514
Total,2019-08-31,28838,893978,617355,0.69,3783.62,2612.86,2335836515,2046793219,4922540038
Total,2019-09-30,28834,865020,521218,0.6,3646.54,2197.23,1900643990,2127943246,4610964630
Total,2019-10-31,28669,888739,607664,0.68,3768.6,2576.73,2290039989,2155662722,5025593512
Total,2019-11-30,28473,854190,625571,0.73,3774.54,2764.3,2361239677,2327790894,5309343261
Total,2019-12-31,28367,879377,625571,0.71,3774.54,2685.13,2361239677,2327790894,5281911196
