Hotel,Area,Room,Supply,Occupancy,ADR,Room_Revenue,F&B_Revenue,Total_Revenue,RevPAR,Demand,Date
雲品溫泉酒店⽇⽉潭,Scenery,211,6330,0.86,7598.00,41478188,24423793,70662485,6552.52,5459,2019-11-30
台北W飯店,Taipei,405,12555,0.85,8523.28,90466146,46597527,154895759,7205.59,10614,2019-07-31
麗尊⼤酒店,Kaohsiung,198,5940,0.61,2220.00,7979333,20053602,29231187,1343.32,3594,2019-11-30
⾼雄福華⼤飯店,Kaohsiung,271,8130,0.85,2228.00,15431079,25659627,45129470,1897.81,6925,2019-11-30
台糖長榮酒店(台南),Others,197,6107,0.86,2376.43,12093673,23669802,37708051,2046.31,5089,2019-12-31
歐華酒店,Taipei,112,3472,0.55,3026.82,5784254,4783128,11884049,1665.97,1911,2019-05-31
台北君悅酒店,Taipei,850,25500,0.69,5904.54,103170032,101554869,229943794,4045.88,17473,2019-09-30
亞都麗緻⼤飯店,Taipei,209,6479,0.80,4158.00,21644695,10782771,36580564,3340.95,5206,2019-03-31
鈺通⼤飯店,Others,120,3720,0.20,1557.00,1178881,6570881,7758737,316.85,757,2019-01-31
長榮桂冠酒店(台中),Taichung,354,10974,0.78,2507.43,21588988,24620209,56638793,1967.29,8610,2019-10-31
豪景⼤酒店,Taipei,209,5852,0.73,2303.00,9873068,2045321,12249669,1687.18,4287,2019-02-28
國王大飯店,Taipei,97,3007,0.64,1573.89,3009275,809548,3884570,1000.76,1912,2019-07-31
美侖⼤飯店,Hualien,343,10633,0.60,1848.00,11793969,9374122,21737145,1109.35,6383,2019-03-31
台南⼤飯店,Others,152,4712,0.57,2129.00,5692980,14965588,22049350,1208.21,2674,2019-01-31
台北凱撒大飯店,Taipei,478,14818,0.95,3908.34,53391788,17362141,75890700,3723.28,13661,2019-12-31
義華酒店,Taipei,149,4470,0.23,4353.00,4553238,163605,8512682,1018.60,1046,2019-04-30
六福客棧,Taipei,230,7130,0.66,1310.42,6208788,7579265,14239439,870.80,4738,2019-07-31
香格⾥拉台北遠東國際⼤飯店,Taipei,420,13020,0.79,6204.00,64201580,64952948,147772355,4930.94,10348,2019-03-31
台北有園飯店,Taipei,56,1680,0.94,2723.00,4296365,319045,4735319,2557.71,1578,2019-11-30
長榮桂冠酒店(基隆),Others,140,4340,0.77,3112.89,10437522,6555719,20292003,2404.96,3353,2019-08-31
蘭城晶英酒店,Others,193,5790,0.68,8620.01,34023173,31215886,73201468,5876.20,3947,2019-09-30
太魯閣晶英酒店,Scenery,160,4960,0.77,8635.36,32969805,10425152,48594944,6647.14,3818,2019-07-31
雲品溫泉酒店日月潭,Scenery,211,6330,0.67,7843.11,33435171,20973780,58381635,5282.02,4263,2019-09-30
台南大飯店,Others,152,4560,0.61,2049.37,5736199,8709782,15611565,1257.94,2799,2019-06-30
國聯⼤飯店,Taipei,243,7533,0.66,2484.00,12407581,1666119,15583523,1646.64,4994,2019-03-31
台北有園飯店,Taipei,56,1736,0.81,2497.00,3521263,272015,3900813,2028.06,1410,2019-01-31
兄弟大飯店,Taipei,250,7500,0.60,3384.81,15258725,38387688,57830409,2034.50,4508,2019-06-30
福容大飯店 高雄,Kaohsiung,250,7500,0.74,1573.36,8683361,4991636,13694549,1157.78,5519,2019-06-30
大億麗緻酒店,Others,315,9450,0.68,3015.19,19381629,23467812,47891216,2050.97,6428,2019-06-30
北投麗禧溫泉酒店,Taipei,66,1980,0.72,13327.00,19030346,8862749,32035209,9611.43,1428,2019-04-30
墾丁怡灣渡假酒店,Scenery,240,7200,0.26,2865.13,5317684,1122143,6546496,738.57,1856,2019-09-30
凱撒⼤飯店,Scenery,281,8711,0.90,3388.00,26540103,11853409,40290014,3046.49,7833,2019-03-31
台南大員皇冠假日酒店,Others,231,7161,0.55,3136.55,12270200,14564048,29514143,1713.48,3912,2019-08-31
慶泰大飯店,Taipei,150,4650,0.84,2670.07,10405278,5241407,16320227,2237.69,3897,2019-08-31
天成大飯店,Taipei,225,6975,0.98,3054.10,20810645,18077065,40920883,2983.61,6814,2019-08-31
山泉大飯店,Others,146,4526,0.86,1983.15,7470514,1215165,9142820,1705.60,3767,2019-12-31
麒麟⼤飯店,Others,167,5010,0.47,4126.00,9744848,3357169,13362841,1945.41,2362,2019-11-30
娜路彎⼤酒店,Others,276,7728,0.56,5590.00,24321330,12605468,41256107,3147.17,4351,2019-02-28
福華大飯店,Taipei,606,18786,0.82,3964.91,58756000,48882000,127475000,3231.90,14819,2019-12-31
豪景大酒店,Taipei,209,6479,0.78,2200.13,11161243,645315,12097899,1722.68,5073,2019-08-31
蘭城晶英酒店,Others,193,5983,0.70,9075.63,38271916,33874555,80685249,6396.78,4217,2019-10-31
美侖⼤飯店,Hualien,343,10290,0.68,2040.00,14173403,8779654,23627436,1377.41,6948,2019-04-30
福容⼤飯店淡⽔漁⼈碼頭,Others,198,5544,0.40,5542.00,12413441,16610076,31352008,2238.97,2240,2019-02-28
台中金典酒店,Taichung,222,6882,0.78,3037.30,16228283,18726129,49656309,2358.08,5343,2019-08-31
大億麗緻酒店,Others,315,9450,0.63,2702.06,16004301,18479732,38601851,1693.58,5923,2019-09-30
國王大飯店,Taipei,97,2910,0.68,1560.49,3071048,808863,3935876,1055.34,1968,2019-06-30
馥藝⾦鬱⾦香酒店,Taoyuan-Hsinchu-Miaoli,191,5921,0.55,2052.00,6652342,3393372,10291876,1123.47,3242,2019-01-31
綠舞國際觀光飯店,Others,104,3120,0.30,5289.05,4892371,3237924,9313698,1568.07,925,2019-09-30
義大皇家酒店,Kaohsiung,656,19680,0.51,2909.00,29235450,25762153,58015024,1485.54,10050,2019-09-30
台糖長榮酒店(台南),Others,197,5910,0.87,2316.29,11954356,20305090,33767942,2022.73,5161,2019-06-30
雲品溫泉酒店日月潭,Scenery,211,6330,0.70,8137.31,36048292,20683219,60494522,5694.83,4430,2019-06-30
墾丁怡灣渡假酒店,Scenery,175,5425,0.21,2672.00,3035615,718965,3898980,559.52,1136,2019-03-31
台東桂⽥喜來登酒店,Others,290,8120,0.42,4718.00,15980744,10835712,27651014,1967.88,3387,2019-02-28
漢來⼤飯店,Kaohsiung,535,16050,0.80,2970.00,38239765,63274351,118215254,2382.83,12877,2019-04-30
新竹國賓大飯店,Taoyuan-Hsinchu-Miaoli,257,7967,0.74,3027.26,17927440,33299955,56233852,2250.21,5922,2019-10-31
花蓮亞士都飯店,Hualien,167,5177,0.39,1311.23,2650000,1232565,3904430,511.88,2021,2019-10-31
⻄華⼤飯店,Taipei,343,10290,0.80,4372.00,36059143,17315187,58694859,3504.16,8247,2019-04-30
麗尊⼤酒店,Kaohsiung,198,6138,0.64,2195.00,8636135,21249217,31594009,1407.21,3935,2019-01-31
⽇⽉⾏館,Scenery,92,2576,0.29,13361.00,9953856,2159772,12498633,3864.00,745,2019-02-28
香格⾥拉台北遠東國際⼤飯店,Taipei,420,12600,0.80,6128.00,61746648,68602367,149323169,4900.56,10076,2019-11-30
華泰王子大飯店,Taipei,204,6120,0.72,2739.80,12107161,9103932,23465006,1978.29,4419,2019-09-30
台東桂⽥喜來登酒店,Others,290,8700,0.40,2939.00,10316994,11408339,22560171,1185.59,3510,2019-04-30
台北花園⼤酒店,Taipei,241,7471,0.93,2346.00,16215930,28505878,48894672,2170.52,6912,2019-01-31
老爺大酒店,Taipei,202,6262,0.96,5220.10,30323574,26326859,63468953,5003.89,5809,2019-12-31
龍⾕⼤飯店,Scenery,189,5670,0.38,1866.00,4040852,1455176,5815294,712.44,2165,2019-11-30
圓山大飯店,Taipei,500,15000,0.63,3850.81,36305433,50712548,97595589,2420.36,9428,2019-09-30
花蓮亞⼠都飯店,Hualien,168,4704,0.33,1956.00,3019333,855330,3889663,641.96,1544,2019-02-28
第一⼤飯店,Taipei,176,5280,0.75,1629.00,6468208,4632265,30711270,1224.85,3970,2019-11-30
台北有園飯店,Taipei,56,1736,0.85,2584.59,3814860,406699,4299888,2197.50,1476,2019-08-31
海灣藝術酒店,Taichung,226,7006,0.30,1478.73,3120120,293800,3476810,445.35,2110,2019-07-31
寒舍艾麗酒店,Taipei,234,7020,0.85,6440.00,38273501,17491110,61387258,5452.10,5943,2019-04-30
香格里拉台北遠東國際大飯店,Taipei,420,13020,0.80,6128.09,61746648,68602367,149323169,4900.53,10076,2019-12-31
亞都麗緻大飯店,Taipei,209,6479,0.74,3934.99,18872213,11881848,35610155,2912.83,4796,2019-08-31
香格里拉台北遠東國際大飯店,Taipei,420,13020,0.72,6001.43,56563487,48829324,120980539,4344.35,9425,2019-08-31
高雄福華大飯店,Kaohsiung,271,8401,0.81,2188.84,14884101,16691505,35015124,1771.71,6800,2019-07-31
新竹老爺大酒店,Taoyuan-Hsinchu-Miaoli,208,6448,0.68,3050.39,13394244,11834198,26646444,2077.27,4391,2019-07-31
華王大飯店,Kaohsiung,297,8910,0.29,1450.20,3741522,1979118,5796083,419.92,2580,2019-06-30
龍⾕⼤飯店,Scenery,189,5670,0.23,1917.00,2486422,605763,3442340,438.42,1297,2019-04-30
名都觀光渡假大飯店,Scenery,97,3007,0.61,946.83,1690089,3190115,5011206,580.79,1785,2019-12-31
台北諾富特華航桃園機場飯店,Taoyuan-Hsinchu-Miaoli,516,15996,0.79,2732.94,33322713,24130904,62870335,2152.63,12193,2019-12-31
新⽵喜來登⼤飯店,Taoyuan-Hsinchu-Miaoli,386,11966,0.86,3787.00,38915021,38610745,88689307,3251.90,10275,2019-03-31
Total,Total,29498,884940,0.68,3817.93,2303436301,1805482426,4622245655,2602.93,603321,2019-04-30
美麗春天⼤飯店,Others,34,952,0.32,2323.00,710879,218902,929781,746.61,306,2019-02-28
漢來⼤飯店,Kaohsiung,535,16585,0.67,3065.00,34299883,81789249,133397485,2067.96,11190,2019-01-31
君鴻國際酒店,Kaohsiung,585,17550,0.62,2192.14,23979816,24100868,59418676,1366.37,10939,2019-06-30
台南大員皇冠假日酒店,Others,231,7161,0.44,3027.17,9435702,11290190,23057727,1317.65,3117,2019-05-31
華園大飯店,Kaohsiung,269,8339,0.78,1415.89,9244332,2519765,12568813,1108.57,6529,2019-07-31
洛碁⼤飯店花華本館,Taipei,112,3472,0.93,1855.00,5988656,0,5988656,1725.15,3229,2019-03-31
墾丁福華渡假飯店,Scenery,458,14198,0.60,2473.00,21137463,9775159,32933117,1488.75,8547,2019-01-31
慶泰⼤飯店,Taipei,150,4650,0.66,2791.00,8620002,9021292,18147836,1853.50,3088,2019-01-31
⻑榮桂冠酒店(基隆),Others,140,4200,0.86,2517.00,9125765,5833658,17825046,2172.42,3625,2019-11-30
華泰王子大飯店,Taipei,198,6138,0.69,2684.64,11329200,8938989,22524792,1845.75,4220,2019-08-31
華泰王子大飯店,Taipei,205,6355,0.65,2862.09,11829038,10413846,25674197,1861.37,4133,2019-05-31
晶英國際⾏館,Kaohsiung,147,4116,0.33,6900.00,9287785,12054769,23942454,2256.30,1346,2019-02-28
遠雄悅來大飯店,Hualien,381,11811,0.42,2834.82,13969998,11414325,29515179,1182.80,4928,2019-05-31
裕元花園酒店,Taichung,149,4619,0.81,3215.00,12072386,33325514,50518071,2613.47,3755,2019-01-31
台北美福⼤飯店,Taipei,146,4526,0.66,6581.00,19632299,62187318,87781891,4337.54,2983,2019-03-31
Total,Total,29420,823760,0.64,4046.63,2124900522,2202112505,4882778853,2579.51,525104,2019-02-28
台北寒舍艾美酒店,Taipei,160,4960,0.77,8459.90,32409867,51022559,97272465,6534.25,3831,2019-07-31
晶英國際行館,Kaohsiung,147,4410,0.30,5893.50,7797100,11303763,22116476,1768.05,1323,2019-09-30
圓山大飯店,Taipei,500,15500,0.84,3946.88,51348947,59346684,122192902,3312.84,13010,2019-08-31
台北中山雅樂軒酒店,Taipei,88,2640,0.84,4188.00,9335050,683278,11186275,3536.00,2229,2019-09-30
台北凱撒大飯店,Taipei,478,14340,0.85,3530.48,43043624,16431389,64554631,3001.65,12192,2019-09-30
碧特弗⼤飯店,Others,54,1674,0.24,2164.00,874410,127507,1001917,522.17,404,2019-01-31
馥藝金鬱金香酒店,Taoyuan-Hsinchu-Miaoli,191,5921,0.55,1692.57,5541459,4949664,10845967,935.90,3274,2019-05-31
大億麗緻酒店,Others,315,9765,0.73,3081.71,22043438,19225537,45889193,2257.39,7153,2019-07-31
墾丁福華渡假飯店,Scenery,458,13740,0.59,2541.00,20751935,10524728,33058846,1510.12,8166,2019-11-30
神旺⼤飯店,Taipei,268,8040,0.90,2247.00,16343614,28358942,48199568,2032.64,7273,2019-11-30
古華花園飯店,Taoyuan-Hsinchu-Miaoli,255,7905,0.88,2922.98,20221192,20559803,42819235,2558.03,6918,2019-08-31
⽇⽉⾏館,Scenery,92,2852,0.34,11053.00,10666145,1696832,12449747,3740.34,965,2019-01-31
台北美福⼤飯店,Taipei,146,4380,0.57,6615.00,16503886,49825269,71032124,3767.90,2495,2019-04-30
澎湖福朋喜來登酒店,Others,331,10261,0.30,2125.30,6369537,10013216,18318230,641.44,2997,2019-12-31
康華⼤飯店,Taipei,215,6020,0.59,2495.00,8933224,14653264,24504867,1483.78,3580,2019-02-28
台中福華大飯店,Taichung,155,4805,0.75,2470.86,8877793,11834533,23787726,1847.62,3593,2019-10-31
⽇⽉⾏館,Scenery,92,2760,0.26,10263.00,7235120,2365025,9700237,2621.17,705,2019-04-30
三德⼤飯店,Taipei,287,8610,0.63,2019.00,10965066,3970804,17125967,1273.59,5431,2019-04-30
和昇帝景飯店,Others,60,1860,0.41,2608.00,1969396,9300,1979438,1058.59,755,2019-01-31
日月行館,Scenery,92,2760,0.28,10011.40,7828915,2016932,9972893,2836.56,782,2019-06-30
國聯大飯店,Taipei,243,7533,0.67,2287.16,11513543,1262889,14133644,1528.41,5034,2019-05-31
台北W飯店,Taipei,405,12555,0.84,8740.00,92088945,55424837,166930048,7335.48,10537,2019-03-31
澎湖福朋喜來登酒店,Others,331,10261,0.53,2957.56,16174908,15432208,35230878,1576.35,5469,2019-08-31
首都大飯店,Taipei,129,3999,0.66,2950.16,7812013,2224781,10667056,1953.49,2648,2019-07-31
美侖大飯店,Hualien,343,10290,0.69,2139.31,15172000,10612077,26557924,1474.44,7092,2019-06-30
福容⼤飯店⾼雄,Kaohsiung,250,7500,0.74,1663.00,9205356,4250167,13470158,1227.46,5536,2019-04-30
墾丁怡灣渡假酒店,Scenery,236,7316,0.31,3020.74,6899375,677295,7748646,943.05,2284,2019-10-31
豪景⼤酒店,Taipei,209,6479,0.84,1948.00,10661598,1663703,12594096,1645.87,5474,2019-03-31
蘭城晶英酒店,Others,193,5404,0.53,10871.00,30841581,34905683,73253197,5707.28,2837,2019-02-28
海灣藝術酒店,Taichung,228,7068,0.16,1389.00,1606962,1414501,3021463,227.38,1157,2019-01-31
阿里山賓館,Scenery,35,1050,0.36,5549.28,2080981,0,2080981,1981.89,375,2019-09-30
礁溪老爺大酒店,Scenery,193,5983,0.63,6205.34,23363087,15921641,47768327,3904.91,3765,2019-05-31
高雄圓山大飯店,Scenery,107,3317,0.53,2493.55,4378670,10620393,15970082,1320.07,1756,2019-10-31
美麗信花園酒店,Taipei,203,6293,0.88,2401.56,13350295,6795346,26654009,2121.45,5559,2019-05-31
⾼雄國賓⼤飯店,Kaohsiung,453,13590,0.84,2058.00,23454405,31067331,56373294,1726.25,11399,2019-04-30
墾丁福華渡假飯店,Scenery,458,14198,0.62,2771.69,24376974,9329105,35176373,1716.93,8795,2019-05-31
和昇帝景飯店,Others,60,1860,0.40,2377.17,1775744,2760,1778504,954.70,747,2019-08-31
新竹老爺大酒店,Taoyuan-Hsinchu-Miaoli,208,6448,0.68,3181.87,14041593,12905565,28314969,2177.67,4413,2019-08-31
福容大飯店 高雄,Kaohsiung,250,7750,0.65,1814.30,9203930,13167906,22391162,1187.60,5073,2019-08-31
北投麗禧溫泉酒店,Taipei,66,2046,0.59,14252.85,17174684,7976523,31004447,8394.27,1205,2019-10-31
⼭泉⼤飯店,Others,167,4676,0.56,2232.00,5874625,256420,6453732,1256.39,2632,2019-02-28
台北華國⼤飯店,Taipei,326,9128,0.80,2673.00,19490615,11199940,34808587,2135.73,7293,2019-02-28
福華大飯店,Taipei,606,18180,0.65,3526.82,41687000,42914000,101181000,2293.01,11820,2019-06-30
綠舞國際觀光飯店,Others,104,3120,0.31,5582.00,5448519,4142233,10629404,1746.05,976,2019-11-30
寒舍艾麗酒店,Taipei,235,7050,0.87,6405.00,39500673,20597297,66290653,5603.09,6167,2019-11-30
⻑榮桂冠酒店(台中),Taichung,354,10620,0.74,2272.00,17951355,19382267,41582904,1690.37,7901,2019-04-30
全國⼤飯店,Taichung,178,4984,0.46,2784.00,6381364,17936859,27250111,1280.36,2292,2019-02-28
新⽵老爺⼤酒店,Taoyuan-Hsinchu-Miaoli,208,6240,0.75,3037.00,14293094,13474270,29289519,2290.51,4706,2019-11-30
香格里拉台北遠東國際大飯店,Taipei,420,12600,0.66,5579.11,46434959,48767805,109515249,3685.31,8323,2019-09-30
台北中山雅樂軒酒店,Taipei,88,2728,0.92,4259.81,10334311,745814,12353431,3914.51,2426,2019-12-31
亞都麗緻大飯店,Taipei,209,6479,0.66,3831.93,16262711,9504006,29341928,2510.06,4244,2019-07-31
三德大飯店,Taipei,287,8897,0.37,2092.01,6811569,556692,8395602,765.60,3256,2019-10-31
日勝生加賀屋國際溫泉飯店,Taipei,90,2790,0.60,7657.02,12404368,9678452,29614993,4594.21,1620,2019-12-31
圓山大飯店,Taipei,500,15500,0.79,3853.72,47077018,55814188,114976558,3037.23,12216,2019-05-31
漢來大飯店,Kaohsiung,535,16050,0.74,2850.72,33646997,58986545,142003352,2096.39,11803,2019-09-30
台北諾富特華航桃園機場飯店,Taoyuan-Hsinchu-Miaoli,516,15996,0.61,2766.24,27070444,10016279,41608973,1692.33,9786,2019-07-31
新⽵老爺⼤酒店,Taoyuan-Hsinchu-Miaoli,208,6240,0.60,3052.00,11456530,9825632,22045613,1836.08,3754,2019-04-30
台中⾦典酒店,Taichung,222,6882,0.84,2929.00,16976127,19895899,53399739,2466.80,5796,2019-03-31
裕元花園酒店,Taichung,149,4172,0.75,3840.00,12057594,28705495,45590917,2889.98,3140,2019-02-28
寒軒國際大飯店,Kaohsiung,380,11780,0.65,1943.28,14850516,18879307,34799514,1260.66,7642,2019-10-31
福容⼤飯店福隆,Scenery,174,5220,0.31,3592.00,5869102,4612819,10638062,1124.30,1634,2019-11-30
瓏⼭林台北中和飯店,Others,126,3780,0.29,2731.00,3031854,2242838,6061053,802.09,1110,2019-04-30
福容⼤飯店林⼝,Taoyuan-Hsinchu-Miaoli,149,4470,0.63,2664.00,7538138,4406429,12001104,1686.58,2830,2019-04-30
⾸都⼤飯店,Taipei,129,3999,0.85,3228.00,11013574,3532520,15267353,2754.13,3412,2019-03-31
福容大飯店 福隆,Scenery,174,5394,0.32,4742.53,8176130,5270154,13818117,1515.78,1724,2019-10-31
蘭城晶英酒店,Others,193,5983,0.50,8593.57,25608828,30836183,63017234,4280.27,2980,2019-05-31
慶泰大飯店,Taipei,150,4500,0.73,2805.53,9154437,4721565,14893067,2034.32,3263,2019-09-30
國王⼤飯店,Taipei,97,2716,0.70,1498.00,2848304,808237,3742937,1049.05,1902,2019-02-28
三德大飯店,Taipei,287,8897,0.43,2008.07,7397734,692215,8622163,859.20,3684,2019-12-31
美侖大飯店,Hualien,343,10633,0.89,2514.59,23705081,10498036,35503164,2229.39,9427,2019-07-31
六福客棧,Taipei,230,7130,0.77,1415.04,7786969,7417984,15685670,1092.14,5503,2019-10-31
香格里拉台北遠東國際大飯店,Taipei,420,12600,0.66,5751.51,47513264,58613154,121859031,3770.89,8261,2019-06-30
和昇帝景飯店,Others,60,1800,0.55,2529.00,2490583,1500,2492950,1383.87,985,2019-04-30
⽇勝⽣加賀屋國際溫泉飯店,Taipei,90,2700,0.63,6096.00,10301821,8813795,24179859,3815.49,1690,2019-04-30
長榮桂冠酒店(基隆),Others,139,4309,0.73,2335.29,7384185,6645819,17137457,1713.67,3162,2019-05-31
遠雄悅來大飯店,Hualien,381,11811,0.50,3262.89,19423985,13058602,38381184,1644.57,5953,2019-10-31
神旺大飯店,Taipei,268,8040,0.83,2262.46,15011454,25402362,43724595,1867.10,6635,2019-06-30
阿⾥⼭賓館,Scenery,35,1050,0.46,6084.00,2944496,0,2944496,2804.72,484,2019-04-30
悅川酒店,Others,103,3193,0.81,3955.01,10211847,7658670,17870517,3198.20,2582,2019-08-31
台北寒舍喜來登大飯店,Taipei,688,21328,0.86,5235.40,93064414,118326902,235210659,4508.93,17776,2019-12-31
長榮桂冠酒店(基隆),Others,140,4340,0.77,3021.65,10143682,6125520,19320755,2337.25,3357,2019-07-31
台北美福大飯店,Taipei,146,4526,0.66,6555.49,19555022,62281293,86878033,4320.60,2983,2019-05-31
華王⼤飯店,Kaohsiung,297,8316,0.39,2106.00,6789029,3705414,10596776,816.50,3224,2019-02-28
台北君品大酒店,Taipei,286,8866,0.87,5020.58,37418374,54594858,96785492,4361.12,7453,2019-12-31
兄弟大飯店,Taipei,250,7500,0.56,3508.84,14793270,38010500,57047335,1972.44,4216,2019-09-30
台北君悅酒店,Taipei,850,25500,0.89,6468.00,147271774,119484883,298525102,5775.28,22769,2019-11-30
日勝生加賀屋國際溫泉飯店,Taipei,90,2700,0.46,5470.90,6849570,5507845,15757286,2536.88,1252,2019-06-30
台中⾦典酒店,Taichung,222,6660,0.77,2962.00,15266945,14073092,41791411,2292.29,5154,2019-04-30
國賓大飯店,Taipei,316,9796,0.95,4020.97,36100274,87329524,131397386,3808.05,8978,2019-12-31
尊爵天際⼤飯店,Taoyuan-Hsinchu-Miaoli,250,7500,0.91,2331.00,15851427,26914852,43354256,2113.75,6801,2019-11-30
台北寒舍喜來登⼤飯店,Taipei,688,19264,0.74,4682.00,66709242,107920891,195487130,3463.28,14249,2019-02-28
歐華酒店,Taipei,112,3360,0.38,3077.11,3978702,6359731,11381665,1184.14,1293,2019-09-30
華園⼤飯店,Kaohsiung,269,8339,0.77,1899.00,11051982,5265253,17717592,1467.36,5820,2019-03-31
福容⼤飯店⾼雄,Kaohsiung,250,7750,0.59,1967.00,8949190,8826472,17778060,1154.83,4550,2019-01-31
新竹國賓大飯店,Taoyuan-Hsinchu-Miaoli,257,7967,0.74,3007.97,17683847,29973381,51912124,2219.64,5879,2019-08-31
⻑榮桂冠酒店(台中),Taichung,354,9912,0.66,2758.00,18100621,27358431,50398127,1826.07,6563,2019-02-28
新⽵喜來登⼤飯店,Taoyuan-Hsinchu-Miaoli,386,11966,0.85,3831.00,39025384,60438952,111392331,3261.33,10187,2019-01-31
台北寒舍艾美酒店,Taipei,160,4480,0.77,8797.00,30339491,55916262,101162271,6772.81,3449,2019-02-28
美麗春天⼤飯店,Others,34,1020,0.61,1950.00,1215157,133355,1348512,1191.06,623,2019-04-30
三德大飯店,Taipei,287,8897,0.39,1854.98,6473894,857350,10072752,727.65,3490,2019-07-31
高雄圓山大飯店,Scenery,107,3317,0.63,2170.64,4501907,8709295,14086091,1357.22,2074,2019-05-31
豪景⼤酒店,Taipei,209,6270,0.77,2108.00,10132598,1002338,11420147,1615.78,4806,2019-04-30
澎湖福朋喜來登酒店,Others,331,10261,0.55,3324.38,18889110,18542269,41446639,1840.86,5682,2019-07-31
洛碁大飯店花華本館,Taipei,112,3472,0.82,1781.22,5080030,0,5080030,1463.14,2852,2019-05-31
高雄圓山大飯店,Scenery,107,3317,0.62,2344.80,4652074,13605810,18992496,1449.24,1984,2019-12-31
台北寒舍喜來登大飯店,Taipei,688,21328,0.76,5435.95,88633110,110841790,223211835,4155.72,16305,2019-05-31
陽明⼭中國麗緻⼤飯店,Scenery,47,1457,0.45,4737.00,3102646,1884899,7196229,2129.76,655,2019-01-31
澎湖福朋喜來登酒店,Others,331,10261,0.80,3042.25,25022511,19982238,49412098,2438.60,8225,2019-05-31
台北凱撒⼤飯店,Taipei,478,13384,0.87,3545.00,41406394,22609524,68799740,3093.37,11679,2019-02-28
台北中⼭雅樂軒酒店,Taipei,88,2640,0.92,4260.00,10334311,745814,12353431,3914.51,2426,2019-11-30
瑞穗天合國際觀光酒店,Hualien,198,5940,0.58,6811.44,23526722,11002338,40020166,3960.73,3454,2019-09-30
美麗信花園酒店,Taipei,203,6293,0.86,2021.53,10936458,6671645,23951812,1737.88,5410,2019-08-31
台北中山雅樂軒酒店,Taipei,88,2728,0.86,4246.45,9957936,793915,11970107,3650.27,2345,2019-10-31
康華大飯店,Taipei,215,6450,0.61,2262.05,8939639,10491081,20174638,1385.99,3952,2019-06-30
南方莊園渡假飯店,Taoyuan-Hsinchu-Miaoli,111,3330,0.56,3936.06,7348631,11594012,26033524,2206.80,1867,2019-09-30
福容⼤飯店淡⽔漁⼈碼頭,Others,198,5940,0.52,4276.00,13329133,16849839,32183539,2243.62,3117,2019-11-30
裕元花園酒店,Taichung,149,4619,0.77,3151.71,11235859,26260338,42536054,2432.53,3565,2019-07-31
太魯閣晶英酒店,Scenery,160,4480,0.63,8481.00,24103820,7836731,35510674,5380.35,2842,2019-02-28
台北君悅酒店,Taipei,850,26350,0.68,6136.00,109199042,118887789,256404959,4144.25,17796,2019-01-31
⾼雄圓⼭⼤飯店,Scenery,107,3210,0.62,2345.00,4652074,13605810,18992496,1449.44,1984,2019-11-30
全國大飯店,Taichung,178,5518,0.69,2066.29,7665927,13132711,23006254,1435.57,3710,2019-12-31
國賓大飯店,Taipei,316,9796,0.67,3592.23,23543462,76361810,105744478,2403.38,6554,2019-08-31
台中金典酒店,Taichung,222,6882,0.73,3118.33,15675844,19262026,62884172,2277.80,5027,2019-10-31
亞士都飯店,Taipei,40,1200,0.39,2287.83,1075282,0,1075282,896.07,470,2019-06-30
台北寒舍艾美酒店,Taipei,160,4960,0.83,9342.00,38488103,58949492,113365552,7759.47,4120,2019-03-31
豐邑喜來登大飯店,Taoyuan-Hsinchu-Miaoli,384,11904,0.21,3659.67,9006449,5056451,15320641,756.59,2461,2019-07-31
Total,Total,29449,912919,0.65,3676.24,2197384688,2165472268,4926077656,2406.99,597726,2019-05-31
美侖大飯店,Hualien,343,10633,0.56,2090.80,12024212,12176793,24916437,1168.53,5751,2019-12-31
碧特弗大飯店,Others,54,1620,0.12,2760.32,529981,127600,657581,327.15,192,2019-09-30
新竹喜來登大飯店,Taoyuan-Hsinchu-Miaoli,386,11966,0.85,3179.28,32387306,36556380,78310500,2706.61,10187,2019-08-31
大板根渡假酒店,Others,95,2850,0.82,4657.12,10892996,13555174,38265008,3822.10,2339,2019-09-30
慶泰⼤飯店,Taipei,150,4650,0.84,2858.00,11165275,7148810,19095321,2400.72,3906,2019-03-31
台北中山雅樂軒酒店,Taipei,88,2728,0.83,4216.89,9542833,806908,11566555,3498.11,2263,2019-08-31
礁溪老爺⼤酒店,Scenery,193,5404,0.77,8784.00,36567706,21520027,69139419,6767.19,4163,2019-02-28
趣淘漫旅,Scenery,198,5544,0.48,3621.00,9566548,4475768,15856547,1725.77,2642,2019-02-28
墾丁福華渡假飯店,Scenery,458,13740,0.72,3256.05,32052565,11873964,46664858,2332.79,9844,2019-06-30
福容大飯店 高雄,Kaohsiung,250,7750,0.72,1472.85,8237624,4329381,12572043,1062.92,5593,2019-05-31
歐華酒店,Taipei,112,3472,0.62,2965.40,6417122,5295804,12985949,1848.25,2164,2019-10-31
豐邑喜來登大飯店,Taoyuan-Hsinchu-Miaoli,384,11520,0.25,2961.32,8362767,4192164,13749983,725.93,2824,2019-09-30
日月行館,Scenery,92,2852,0.34,10021.27,9730653,2739207,12678288,3411.87,971,2019-08-31
太魯閣晶英酒店,Scenery,160,4960,0.59,6762.00,19724632,7448859,30372263,3976.73,2917,2019-01-31
台中港酒店,Taichung,200,6200,0.71,2587.00,11457812,2977456,15535870,1848.03,4429,2019-07-31
國王大飯店,Taipei,97,2910,0.84,1525.78,3709169,1096236,4856996,1274.63,2431,2019-09-30
第一大飯店,Taipei,176,5456,0.76,1543.84,6399221,2753799,28695601,1172.88,4145,2019-08-31
合尊酒店,Taipei,101,3030,0.77,3793.00,8887560,3643672,13842938,2933.13,2343,2019-04-30
台北凱撒⼤飯店,Taipei,478,14818,0.95,3673.00,51505603,21926599,77907176,3475.39,14021,2019-03-31
圓山大飯店,Taipei,500,15500,0.70,4047.61,44212098,57051561,116212985,2852.39,10923,2019-10-31
晶英國際行館,Kaohsiung,147,4557,0.25,6628.60,7430666,10181175,20031731,1630.60,1121,2019-05-31
瓏山林台北中和飯店,Others,126,3906,0.47,2445.55,4379981,3330140,8876690,1158.73,1791,2019-12-31
新竹喜來登大飯店,Taoyuan-Hsinchu-Miaoli,386,11966,0.95,3606.39,39479147,45190677,95711807,3409.25,10947,2019-12-31
樂樂日暉溫泉酒店,Others,48,1488,0.00,0.00,0,0,0,0.00,0,2019-05-31
長榮桂冠酒店(台中),Taichung,354,10974,0.71,2166.97,16841693,24068013,45647361,1534.69,7772,2019-05-31
晶華酒店,Taipei,538,16140,0.70,5633.32,63831192,143905708,283290768,3954.84,11331,2019-09-30
台中港酒店,Taichung,200,6200,0.58,2517.00,9060858,3002201,13022981,1461.37,3600,2019-01-31
義華酒店,Taipei,149,4470,0.12,3933.00,2119887,185083,8536220,474.25,539,2019-06-30
凱撒⼤飯店,Scenery,281,8430,0.84,4434.00,31540184,7596624,41021721,3741.85,7114,2019-11-30
南方莊園渡假飯店,Taoyuan-Hsinchu-Miaoli,111,3441,0.73,4234.57,10340825,14692294,29798797,3105.35,2442,2019-12-31
陸島酒店,Others,47,1457,0.67,1345.31,1303610,155360,1461830,894.72,969,2019-10-31
陽明⼭中國麗緻⼤飯店,Scenery,47,1410,0.34,4191.00,1995057,1317806,4845218,1414.88,476,2019-04-30
娜路彎大酒店,Others,276,8556,0.70,3969.91,23878994,14243020,45434269,2790.91,6015,2019-08-31
凱撒大飯店,Scenery,281,8430,0.96,4591.65,37343928,13835426,53556245,4429.88,8133,2019-06-30
古華花園飯店,Taoyuan-Hsinchu-Miaoli,255,7650,0.73,2902.40,16207012,22166618,40495955,2118.56,5584,2019-09-30
台北萬豪酒店,Taipei,318,9540,0.86,5660.00,46299793,50554664,126714485,4852.88,8180,2019-04-30
福華大飯店,Taipei,606,18180,0.63,3516.67,39988000,43377000,106173000,2199.56,11371,2019-09-30
福容大飯店 林口,Taoyuan-Hsinchu-Miaoli,149,4470,0.61,2967.01,8034655,3418932,11513193,1797.46,2708,2019-06-30
綠舞國際觀光飯店,Others,104,2912,0.26,8242.00,6330158,3144283,10917632,2173.42,768,2019-02-28
漢來大飯店,Kaohsiung,535,16585,0.75,3093.10,38326580,65504199,119456730,2310.92,12391,2019-07-31
君鴻國際酒店,Kaohsiung,585,16380,0.64,2820.00,29666713,24152246,64773760,1811.00,10520,2019-02-28
古華花園飯店,Taoyuan-Hsinchu-Miaoli,255,7905,0.85,2829.00,18921474,15897245,36820509,2393.90,6689,2019-03-31
華園⼤飯店,Kaohsiung,269,8070,0.77,1329.00,8259856,2066673,10806710,1023.86,6217,2019-04-30
礁溪老爺⼤酒店,Scenery,197,5910,0.82,7197.00,34871705,23938947,70043952,5900.10,4845,2019-11-30
瓏⼭林台北中和飯店,Others,126,3780,0.47,2446.00,4379981,3330140,8876690,1158.91,1791,2019-11-30
龍谷大飯店,Scenery,189,5859,0.30,1878.16,3350638,1572214,5356689,571.88,1784,2019-10-31
晶英國際⾏館,Kaohsiung,147,4410,0.46,6176.00,12425482,11618737,27061562,2817.49,2012,2019-11-30
台中福華大飯店,Taichung,155,4805,0.71,2593.66,8608356,12078917,23614597,1851.26,3319,2019-12-31
桃禧航空城酒店,Taoyuan-Hsinchu-Miaoli,187,5797,0.42,1816.00,4376500,3651316,8521037,754.91,2410,2019-03-31
台南大飯店,Others,152,4712,0.62,2044.01,5995092,10490500,17831398,1272.30,2933,2019-10-31
美麗春天⼤飯店,Others,34,1054,0.24,2166.00,556703,169022,725725,528.07,257,2019-01-31
台中港酒店,Taichung,200,6200,0.56,2597.27,8667085,2649427,12160471,1444.51,3337,2019-12-31
南⽅莊園渡假飯店,Taoyuan-Hsinchu-Miaoli,111,3330,0.63,4362.00,9120321,9179265,24046015,2738.90,2091,2019-04-30
耐斯王⼦⼤飯店,Others,245,7350,0.75,2156.00,11858073,11323261,24200509,1613.55,5501,2019-04-30
花蓮亞士都飯店,Hualien,167,5010,0.29,1265.88,1820341,1022338,2862679,363.34,1438,2019-09-30
三德大飯店,Taipei,287,8610,0.44,1798.95,6773029,3561411,13073573,786.65,3765,2019-06-30
福容大飯店 台北一館,Taipei,120,3600,0.60,2961.87,6445028,11713285,19591477,1790.29,2176,2019-06-30
第一大飯店,Taipei,176,5280,0.52,1629.77,4470469,2473014,26608926,846.68,2743,2019-09-30
福容⼤飯店⾼雄,Kaohsiung,250,7500,0.69,1726.00,8873010,4903034,13806182,1182.83,5140,2019-11-30
福容大飯店 淡水漁人碼頭,Others,198,5940,0.57,4482.59,15254249,18255026,35976079,2568.06,3403,2019-06-30
華園大飯店,Kaohsiung,269,8339,0.81,1397.98,9119016,5050710,14854989,1129.99,6523,2019-12-31
陽明山中國麗緻大飯店,Scenery,47,1457,0.31,4084.11,1850104,1701425,5167957,1269.80,453,2019-05-31
台南⼤飯店,Others,152,4560,0.75,2008.00,6910890,11026906,19487936,1515.64,3442,2019-11-30
碧特弗⼤飯店,Others,54,1512,0.32,2317.00,1116573,165137,1281710,738.66,482,2019-02-28
娜路彎大酒店,Others,276,8556,0.72,4610.00,28319230,14638980,48178708,3309.87,6143,2019-07-31
桃園喜來登酒店,Taoyuan-Hsinchu-Miaoli,187,5797,0.18,2551.21,2706832,5677955,9321694,466.94,1061,2019-08-31
國聯⼤飯店,Taipei,243,7533,0.57,2184.00,9310466,1261880,11717531,1236.14,4264,2019-01-31
墾丁福華渡假飯店,Scenery,458,14198,0.59,2541.26,20751935,10524728,33058846,1510.33,8166,2019-12-31
福容大飯店 桃園,Taoyuan-Hsinchu-Miaoli,182,5642,0.85,1627.33,7550824,4412869,12522108,1382.93,4640,2019-12-31
亞⼠都飯店,Taipei,40,1240,0.50,2389.00,1467030,0,1467030,1183.03,614,2019-03-31
西華大飯店,Taipei,343,10633,0.65,4227.63,29056531,14170172,47656937,2732.67,6873,2019-07-31
華泰王子大飯店,Taipei,202,6262,0.75,2607.84,12272506,9518465,24060459,1959.84,4706,2019-07-31
幼獅大飯店,Others,55,1650,0.20,1001.78,326580,0,354380,197.93,326,2019-06-30
晶悅國際飯店,Taoyuan-Hsinchu-Miaoli,383,11873,0.68,1679.23,13170211,7059436,21311146,1146.23,7843,2019-12-31
遠百企業觀光旅館,Others,40,1240,0.06,1002.82,71200,0,71200,59.33,71,2019-12-31
板橋凱撒大飯店,Others,400,12400,0.71,3852.98,33929321,12062204,46090109,2736.24,8806,2019-07-31
遠百企業觀光旅館,Others,40,1240,0.06,1006.00,72400,0,72400,58.45,72,2019-01-31
雲品溫泉酒店日月潭,Scenery,211,6541,0.72,8559.62,40409983,22563479,67424058,6177.95,4721,2019-07-31
北投麗禧溫泉酒店,Taipei,66,2046,0.59,12788.14,15384133,7187894,26533536,7519.13,1203,2019-05-31
亞⼠都飯店,Taipei,40,1200,0.49,2430.00,1429044,0,1429044,1190.70,588,2019-04-30
尊爵天際大飯店,Taoyuan-Hsinchu-Miaoli,250,7750,0.91,2330.75,15851427,26914852,43354256,2113.52,6801,2019-12-31
瓏山林台北中和飯店,Others,126,3780,0.30,2431.49,2796209,5822514,9793537,739.74,1150,2019-09-30
亞士都飯店,Taipei,40,1240,0.49,2278.64,1392250,0,1392250,1122.78,611,2019-10-31
全國大飯店,Taichung,178,5518,0.56,2081.83,6439088,14823370,23664948,1166.92,3093,2019-05-31
全國⼤飯店,Taichung,178,5518,0.59,2158.00,6997891,15072246,24735805,1268.26,3243,2019-03-31
Total,Total,29448,883440,0.65,3585.87,2066021314,2176351596,4801489460,2338.61,576156,2019-06-30
花蓮亞⼠都飯店,Hualien,167,5010,0.43,1075.00,2308163,892782,3235945,460.85,2148,2019-04-30
花蓮翰品酒店,Hualien,197,5910,0.77,2343.95,10721238,12637264,24371659,1814.08,4574,2019-06-30
碧特弗大飯店,Others,54,1674,0.31,2406.23,1191085,197490,1388575,735.24,495,2019-12-31
豪景⼤酒店,Taipei,209,6479,0.62,2029.00,8156069,2352273,10798477,1258.99,4020,2019-01-31
福容大飯店 桃園,Taoyuan-Hsinchu-Miaoli,182,5460,0.71,1928.32,7433663,5047669,12880971,1361.48,3855,2019-06-30
三德⼤飯店,Taipei,287,8610,0.43,2008.00,7397734,692215,8622163,859.22,3684,2019-11-30
義華酒店,Taipei,149,4619,0.34,4038.00,6279090,185446,8203685,1359.40,1555,2019-10-31
福容大飯店 福隆,Scenery,174,5220,0.35,5221.03,9653688,5911066,15871174,1849.37,1849,2019-09-30
晶悅國際飯店,Taoyuan-Hsinchu-Miaoli,388,12028,0.69,1479.71,12286035,4865635,17795467,1021.45,8303,2019-05-31
遠雄悅來大飯店,Hualien,381,11811,0.42,2815.84,13454076,10715512,29352340,1177.08,4778,2019-12-31
台北君品大酒店,Taipei,286,8866,0.79,5081.42,35371753,54877583,94774283,3989.60,6961,2019-05-31
歐華酒店,Taipei,112,3472,0.39,3187.06,4356713,4438223,9805463,1254.81,1367,2019-07-31
國聯大飯店,Taipei,243,7290,0.64,2110.68,9899080,1341255,12442515,1357.90,4690,2019-06-30
台北君悅酒店,Taipei,850,26350,0.89,6468.08,147271774,119484883,298525102,5775.36,22769,2019-12-31
台北萬豪酒店,Taipei,318,9858,0.83,5660.39,46092557,55583417,134443593,4675.65,8143,2019-07-31
晶英國際行館,Kaohsiung,147,4410,0.26,6631.51,7533398,9781826,19939251,1708.25,1136,2019-06-30
晶英國際行館,Kaohsiung,147,4557,0.20,6427.80,5740021,8791013,16976478,1259.61,893,2019-07-31
花蓮翰品酒店,Hualien,197,5910,0.66,2400.14,9302953,8485701,19415566,1574.10,3876,2019-09-30
綠舞國際觀光飯店,Others,104,3120,0.23,5809.00,4188245,2427244,7817531,1342.46,721,2019-04-30
高雄圓山大飯店,Scenery,107,3210,0.60,2430.16,4648893,11758429,17340258,1448.25,1913,2019-06-30
陸島酒店,Others,47,1457,0.57,1441.42,1154579,128560,1283924,818.85,801,2019-12-31
台東桂⽥喜來登酒店,Others,278,8340,0.49,2618.00,10592745,14165667,25531251,1269.99,4046,2019-11-30
台南大員皇冠假日酒店,Others,231,7161,0.64,3076.43,14117731,13600399,30571000,1971.47,4589,2019-07-31
尊爵大飯店,Taoyuan-Hsinchu-Miaoli,231,7161,0.87,2199.26,13188983,13654399,28824670,1903.17,5997,2019-12-31
新竹國賓大飯店,Taoyuan-Hsinchu-Miaoli,257,7967,0.78,2930.64,18307739,30932939,53818847,2297.95,6247,2019-05-31
北投老爺酒店,Taipei,50,1500,0.63,5670.00,5386482,3306981,10162805,3590.81,950,2019-11-30
寒舍艾麗酒店,Taipei,235,7285,0.82,6111.89,36549114,20352848,62476887,5017.04,5980,2019-10-31
尊爵大飯店,Taoyuan-Hsinchu-Miaoli,231,7161,0.57,2360.64,9588928,11979532,23585348,1339.05,4062,2019-07-31
東⽅渡假酒店,Scenery,112,3360,0.18,2775.00,1681473,2898238,4579711,500.61,606,2019-04-30
歐華酒店,Taipei,112,3472,0.66,2920.23,6444949,6164469,14050614,1918.14,2207,2019-12-31
豪景⼤酒店,Taipei,209,6270,0.75,2086.00,9872462,1194972,11330922,1574.30,4732,2019-11-30
悅川酒店,Others,103,3193,0.81,2977.08,7662997,6439556,14102553,2399.94,2574,2019-05-31
礁溪老爺大酒店,Scenery,193,5983,0.83,6891.67,34382536,26969994,74460818,5746.70,4989,2019-08-31
義大皇家酒店,Kaohsiung,656,20336,0.49,2866.00,28522432,22092070,53539139,1402.56,9952,2019-05-31
蘭城晶英酒店,Others,193,5983,0.55,8433.00,27947033,25596242,59975347,4671.04,3314,2019-01-31
涵碧樓⼤飯店,Scenery,96,2976,0.81,14055.00,33843990,3122211,39795111,11371.90,2408,2019-03-31
蘭城晶英酒店,Others,193,5983,0.44,8700.00,22706676,25631282,54297407,3794.94,2610,2019-03-31
⽇⽉⾏館,Scenery,92,2760,0.34,10000.00,9500000,2690498,12151172,3442.00,950,2019-11-30
國賓大飯店,Taipei,316,9796,0.65,3500.26,22359632,67839051,96779740,2282.53,6388,2019-07-31
北投麗禧溫泉酒店,Taipei,66,1980,0.75,13616.00,20219309,10857408,39677305,10212.00,1485,2019-11-30
福容⼤飯店林⼝,Taoyuan-Hsinchu-Miaoli,149,4619,0.67,2564.00,7987851,3178250,11269501,1729.16,3115,2019-03-31
華泰王子大飯店,Taipei,203,6090,0.77,2773.98,12982224,10275284,25640726,2131.73,4680,2019-06-30
東⽅渡假酒店,Scenery,112,3472,0.26,2762.00,2490917,2037037,4527954,717.57,902,2019-03-31
瑞穗天合國際觀光酒店,Hualien,198,5940,0.60,6610.47,23619220,11621429,40513987,3976.30,3573,2019-06-30
⾼雄圓⼭⼤飯店,Scenery,107,3210,0.71,2278.00,5182676,7016170,12912183,1614.42,2275,2019-04-30
洛碁大飯店花華本館,Taipei,112,3472,0.81,1772.78,4972637,0,4972637,1432.21,2805,2019-10-31
高雄國賓大飯店,Kaohsiung,453,14043,0.83,2052.36,24061820,39826675,66090581,1713.44,11724,2019-10-31
高雄福華大飯店,Kaohsiung,271,8401,0.85,2228.31,15431079,25659627,45129470,1898.04,6925,2019-12-31
晶英國際⾏館,Kaohsiung,147,4557,0.36,7292.00,12089555,11914034,27925718,2652.83,1658,2019-03-31
新⽵喜來登⼤飯店,Taoyuan-Hsinchu-Miaoli,386,10808,0.77,3930.00,32743537,35304654,77296388,3029.64,8332,2019-02-28
台北有園飯店,Taipei,56,1736,0.89,2511.00,3892748,343807,4433809,2242.07,1550,2019-03-31
西華大飯店,Taipei,343,10633,0.74,4600.95,36425728,17823900,60243972,3425.72,7917,2019-05-31
全國⼤飯店,Taichung,178,5340,0.57,2141.00,6573050,11716262,20549493,1230.86,3070,2019-04-30
台中金典酒店,Taichung,222,6882,0.79,2933.38,15951717,18884543,48259036,2317.89,5438,2019-07-31
墾丁怡灣渡假酒店,Scenery,240,7440,0.48,3140.19,11285858,572805,12230256,1516.92,3594,2019-07-31
台中港酒店,Taichung,200,6200,0.57,2696.54,9607784,2450572,12900571,1549.64,3563,2019-10-31
六福客棧,Taipei,230,6900,0.75,1390.30,7176719,6554142,14172078,1040.10,5162,2019-09-30
晶英國際⾏館,Kaohsiung,147,4557,0.18,7018.00,5607746,10537922,19079534,1230.26,799,2019-01-31
美麗信花園酒店,Taipei,203,6293,0.78,2174.00,10700823,6040470,22592257,1700.29,4922,2019-01-31
涵碧樓⼤飯店,Scenery,96,2976,0.75,14180.00,31677169,3023698,35046553,10644.93,2234,2019-01-31
台糖長榮酒店(台南),Others,197,6107,0.79,2318.82,11220780,20552931,33304790,1837.36,4839,2019-05-31
花蓮翰品酒店,Hualien,197,5910,0.70,2163.00,8935972,7515701,17032037,1512.37,4132,2019-04-30
瑞穗春天國際觀光酒店,Hualien,198,6138,0.38,6232.00,14495083,7693553,25811826,2361.93,2326,2019-03-31
東⽅渡假酒店,Scenery,112,3136,0.45,3228.00,4519240,4003060,8522300,1440.98,1400,2019-02-28
阿里山賓館(新館),Scenery,104,3224,0.54,6258.93,10953130,5781450,17069000,3397.37,1750,2019-08-31
阿⾥⼭賓館,Scenery,35,1085,0.34,5477.00,2015446,0,2015446,1857.80,368,2019-01-31
全國大飯店,Taichung,178,5340,0.63,2086.39,7026954,10557597,22799137,1315.91,3368,2019-09-30
美麗春天大飯店,Others,34,1054,0.32,2276.32,778503,225478,1003981,738.62,342,2019-07-31
遠雄悅來⼤飯店,Hualien,381,11430,0.42,2816.00,13454076,10715512,29352340,1177.09,4778,2019-11-30
太魯閣晶英酒店,Scenery,160,4800,0.76,7433.16,27197936,9452087,40498884,5666.24,3659,2019-06-30
台北中⼭雅樂軒酒店,Taipei,88,2464,0.69,4086.00,6937992,537080,8324017,2815.66,1698,2019-02-28
阿里山賓館(新館),Scenery,104,3224,0.85,5255.70,13943371,7941088,22349639,4469.03,2653,2019-12-31
太魯閣晶英酒店,Scenery,160,4800,0.66,7079.71,22350657,7891130,33436310,4656.39,3157,2019-09-30
寒舍艾麗酒店,Taipei,234,7254,0.85,6363.00,39034008,25656336,71358971,5381.19,6135,2019-03-31
兄弟⼤飯店,Taipei,250,7500,0.73,3553.00,19383174,35847586,59218406,2584.81,5456,2019-04-30
⼤億麗緻酒店,Others,315,9450,0.78,3063.00,22539662,30386954,58976860,2385.16,7359,2019-11-30
義大皇家酒店,Kaohsiung,656,20336,0.65,3027.00,40250019,26582674,73285631,1979.25,13297,2019-08-31
山泉大飯店,Others,167,5177,0.46,1914.86,4530549,110925,4885762,875.13,2366,2019-05-31
洛碁⼤飯店花華本館,Taipei,112,3360,0.87,1767.00,5144779,0,5144779,1531.46,2912,2019-11-30
瓏⼭林台北中和飯店,Others,126,3528,0.31,2860.00,3086185,4011308,8371264,874.59,1079,2019-02-28
麒麟大飯店,Others,167,5177,0.34,3140.16,5504693,1727750,7496349,1063.30,1753,2019-08-31
娜路彎大酒店,Others,276,8280,0.53,3270.00,14404350,11485984,32781702,1739.66,4405,2019-09-30
國賓⼤飯店,Taipei,422,13082,0.81,3876.00,41145690,77983791,126610333,3145.37,10616,2019-03-31
國王大飯店,Taipei,97,3007,0.75,1522.99,3304898,950386,4314495,1135.70,2170,2019-12-31
名都觀光渡假大飯店,Scenery,97,2910,0.31,1332.93,1196970,3000549,4286558,411.33,898,2019-09-30
寶華大飯店,Others,78,2418,0.69,1305.40,2168276,5400,2175676,896.72,1661,2019-05-31
尊爵⼤飯店,Taoyuan-Hsinchu-Miaoli,231,7161,0.79,2204.00,12442637,27674688,42391895,1737.41,5645,2019-01-31
台中福華⼤飯店,Taichung,155,4340,0.56,3542.00,8575442,13734689,25173656,1975.73,2421,2019-02-28
澎湖福朋喜來登酒店,Others,331,9268,0.13,2265.00,2747275,6849556,10995218,296.49,1213,2019-02-28
尊爵天際大飯店,Taoyuan-Hsinchu-Miaoli,250,7500,0.75,2257.67,12706150,29930874,42949965,1694.15,5628,2019-09-30
阿里山賓館(新館),Scenery,102,3162,0.74,6264.19,14733378,7716914,23097219,4659.51,2352,2019-07-31
豪景大酒店,Taipei,209,6270,0.48,2097.81,6268262,805845,7339129,999.72,2988,2019-09-30
鈺通大飯店,Others,120,3720,0.25,1701.29,1570289,3571370,5174024,422.12,923,2019-08-31
遠雄悅來⼤飯店,Hualien,381,10668,0.40,5212.00,21991092,10136440,38784159,2061.35,4219,2019-02-28
第一⼤飯店,Taipei,176,5280,0.79,1511.00,6313475,2756584,28574333,1195.96,4179,2019-04-30
新竹喜來登大飯店,Taoyuan-Hsinchu-Miaoli,386,11966,0.82,3767.22,37001617,35029428,82127662,3092.23,9822,2019-05-31
花蓮亞士都飯店,Hualien,167,5010,0.35,1134.00,2003782,850000,2876782,399.96,1767,2019-06-30
涵碧樓大飯店,Scenery,96,2976,0.84,14187.82,35426986,3809709,42107818,11904.23,2497,2019-07-31
新⽵老爺⼤酒店,Taoyuan-Hsinchu-Miaoli,208,6448,0.68,2957.00,13020773,17135565,31315287,2019.04,4403,2019-01-31
新竹老爺大酒店,Taoyuan-Hsinchu-Miaoli,208,6448,0.75,3037.21,14293094,13474270,29289519,2290.56,4706,2019-12-31
幼獅大飯店,Others,53,1643,0.04,8725.00,523500,0,566060,318.62,60,2019-08-31
合尊酒店 S Hotel,Taipei,101,3030,0.76,3898.85,9033646,3245003,13570389,2981.40,2317,2019-06-30
美麗信花園酒店,Taipei,203,5684,0.81,2057.00,9493242,6374115,21325827,1670.08,4615,2019-02-28
香格⾥拉台北遠東國際⼤飯店,Taipei,420,11760,0.71,6270.00,52146610,51070592,118728342,4434.14,8317,2019-02-28
⽇勝⽣加賀屋國際溫泉飯店,Taipei,90,2790,0.66,7910.00,14507116,11516335,35764436,5199.24,1834,2019-01-31
寒軒國際⼤飯店,Kaohsiung,380,11400,0.78,1905.00,16869134,12149261,29974656,1479.80,8856,2019-04-30
康華大飯店,Taipei,215,6665,0.63,2320.38,9666710,10732006,21033606,1450.37,4166,2019-08-31
澎湖福朋喜來登酒店,Others,331,9930,0.64,2579.00,16384109,15596292,35439762,1650.30,6354,2019-04-30
漢來大飯店,Kaohsiung,535,16585,0.82,2893.93,39117210,61463288,114749150,2358.59,13517,2019-10-31
晶華酒店,Taipei,538,16140,0.91,5681.00,83091223,136897633,274440377,5147.55,14625,2019-11-30
墾丁怡灣渡假酒店,Scenery,240,7200,0.37,2754.34,7265950,311824,8000452,1009.16,2638,2019-06-30
台北花園⼤酒店,Taipei,241,7230,0.94,2309.00,15760840,18352946,37499366,2179.93,6826,2019-04-30
西華大飯店,Taipei,343,10290,0.68,4147.84,28902128,19783009,53323470,2808.76,6968,2019-09-30
福容大飯店 桃園,Taoyuan-Hsinchu-Miaoli,182,5642,0.77,1788.20,7809072,3960651,12308774,1384.10,4367,2019-08-31
大億麗緻酒店,Others,315,9765,0.65,3086.75,19548413,26428482,51680864,2001.89,6333,2019-10-31
⼤板根渡假酒店,Others,95,2660,0.87,5605.00,12992702,14919393,43773989,4884.20,2318,2019-02-28
華泰王子大飯店,Taipei,216,6696,0.89,2940.27,16865388,10463291,29677232,2602.68,5736,2019-12-31
新竹國賓大飯店,Taoyuan-Hsinchu-Miaoli,257,7710,0.76,2956.70,17432680,37349358,60046930,2261.05,5896,2019-06-30
首都大飯店,Taipei,129,3870,0.64,2843.83,7001518,2347062,9961991,1809.18,2462,2019-06-30
台北君品大酒店,Taipei,286,8866,0.80,5166.57,36811800,49908360,91200763,4152.02,7125,2019-10-31
福華大飯店,Taipei,606,18786,0.69,3944.52,51472000,41060000,107849000,2739.91,13049,2019-10-31
南方莊園渡假飯店,Taoyuan-Hsinchu-Miaoli,111,3441,0.74,4213.64,10681580,10287297,26242047,3104.21,2535,2019-07-31
裕元花園酒店,Taichung,149,4619,0.88,3142.30,12393232,26948486,44521125,2772.54,3944,2019-12-31
寶華大飯店,Others,78,2418,0.36,1880.47,1645408,360,1647768,680.48,875,2019-07-31
晶華酒店,Taipei,538,16140,0.78,5438.07,68644783,141339637,260259805,4253.08,12623,2019-06-30
福容⼤飯店⾼雄,Kaohsiung,250,7750,0.69,1703.00,9082951,4661458,13796588,1172.35,5335,2019-03-31
裕元花園酒店,Taichung,149,4619,0.75,3141.34,10831333,31239614,47181890,2344.95,3448,2019-08-31
陽明⼭中國麗緻⼤飯店,Scenery,47,1316,0.54,5183.00,3659178,3350465,9297469,2780.68,706,2019-02-28
慶泰⼤飯店,Taipei,150,4200,0.73,2744.00,8355311,7404888,16330758,1989.40,3045,2019-02-28
台北寒舍艾美酒店,Taipei,160,4800,0.76,8105.64,29658552,49759273,92723907,6178.87,3659,2019-09-30
老爺大酒店,Taipei,202,6060,0.88,4655.90,24960288,24850742,56117106,4118.86,5361,2019-06-30
國賓⼤飯店,Taipei,422,13082,0.68,3586.00,32041552,110904217,153490472,2449.24,8935,2019-01-31
台北花園大酒店,Taipei,241,7230,0.90,2244.18,14616373,22422130,40631205,2021.63,6513,2019-06-30
神旺大飯店,Taipei,268,8308,0.90,2247.16,16343614,28358942,48199568,2032.79,7273,2019-12-31
台北中山雅樂軒酒店,Taipei,88,2728,0.90,4346.28,10687501,926954,12984153,3917.71,2459,2019-05-31
尊爵大飯店,Taoyuan-Hsinchu-Miaoli,231,7161,0.64,2222.97,10203440,11468225,23081800,1424.86,4590,2019-05-31
澎湖福朋喜來登酒店,Others,331,10261,0.40,2520.94,10471964,12298760,25740947,1020.56,4154,2019-10-31
北投麗禧溫泉酒店,Taipei,66,2046,0.43,12580.46,11171450,5268031,19293468,5460.14,888,2019-07-31
新竹國賓大飯店,Taoyuan-Hsinchu-Miaoli,257,7967,0.79,3032.94,19201518,30401045,53985187,2410.13,6331,2019-07-31
台北美福大飯店,Taipei,146,4526,0.54,5808.15,14212553,59514163,78338156,3140.20,2447,2019-08-31
龍⾕⼤飯店,Scenery,189,5859,0.22,1980.00,2522975,828132,3737543,430.45,1274,2019-03-31
瑞穗天合國際觀光酒店,Hualien,198,6138,0.61,6812.14,24605434,12266839,42159372,4142.33,3612,2019-12-31
古華花園飯店,Taoyuan-Hsinchu-Miaoli,255,7905,0.82,2842.23,18321045,20278897,40463649,2317.65,6446,2019-05-31
⻄華⼤飯店,Taipei,343,10290,0.89,4496.00,41097756,20774271,67760957,3993.80,9141,2019-11-30
澎湖福朋喜來登酒店,Others,331,9930,0.30,2125.00,6369537,10013216,18318230,641.33,2997,2019-11-30
尊爵大飯店,Taoyuan-Hsinchu-Miaoli,231,6930,0.58,2322.56,9378497,15164465,26357447,1353.32,4038,2019-06-30
香格⾥拉台北遠東國際⼤飯店,Taipei,420,12600,0.73,6209.00,56871280,42783975,114882300,4513.32,9159,2019-04-30
寒軒國際大飯店,Kaohsiung,380,11400,0.67,1892.83,14436641,16925451,32411485,1266.37,7627,2019-09-30
凱撒大飯店,Scenery,281,8711,0.96,6818.01,57066750,8941619,68692193,6551.11,8370,2019-08-31
新竹喜來登大飯店,Taoyuan-Hsinchu-Miaoli,386,11966,0.82,3660.41,36025796,38180788,84098684,3010.68,9842,2019-07-31
全國大飯店,Taichung,178,5340,0.64,2050.20,7060906,17316347,26637113,1322.27,3444,2019-06-30
福容大飯店 林口,Taoyuan-Hsinchu-Miaoli,149,4619,0.56,3041.90,7933265,3197394,11204597,1717.53,2608,2019-05-31
⽇勝⽣加賀屋國際溫泉飯店,Taipei,90,2520,0.73,8978.00,16500904,12523356,37735120,6548.55,1838,2019-02-28
⼭泉⼤飯店,Others,167,5177,0.61,2023.00,6345858,254289,6947524,1225.74,3137,2019-01-31
義華酒店,Taipei,149,4619,0.12,3920.00,2246160,205954,8560258,486.29,573,2019-08-31
古華花園飯店,Taoyuan-Hsinchu-Miaoli,255,7650,0.81,2861.13,17724728,17603245,37168212,2316.96,6195,2019-06-30
陽明山中國麗緻大飯店,Scenery,47,1457,0.31,4092.20,1825120,1561206,5205114,1252.66,446,2019-07-31
綠舞國際觀光飯店,Others,104,3224,0.35,5889.86,6620206,3311259,11074432,2053.41,1124,2019-08-31
遠百企業觀光旅館,Others,40,1240,0.06,1003.00,77200,0,77200,62.29,77,2019-03-31
福容大飯店 福隆,Scenery,174,5220,0.49,4837.63,12360147,6863428,20045694,2367.84,2555,2019-06-30
墾丁怡灣渡假酒店,Scenery,175,5250,0.29,2381.00,3619177,748784,4486310,689.30,1520,2019-04-30
福容⼤飯店淡⽔漁⼈碼頭,Others,198,6138,0.44,4225.00,11353071,14970859,28069285,1849.71,2687,2019-03-31
⽇勝⽣加賀屋國際溫泉飯店,Taipei,90,2790,0.62,6461.00,11158064,8543594,26319681,3999.36,1727,2019-03-31
高雄圓山大飯店,Scenery,107,3317,0.56,2436.31,4538845,8358344,13682410,1368.36,1863,2019-07-31
神旺大飯店,Taipei,268,8308,0.88,2373.60,17372393,28840912,50024702,2091.04,7319,2019-05-31
台北萬豪酒店,Taipei,318,9858,0.81,5449.90,43294038,43281169,112189272,4391.77,7944,2019-08-31
北投麗禧溫泉酒店,Taipei,66,2046,0.50,13638.52,14020399,5405187,22476061,6852.59,1028,2019-08-31
台東桂田喜來登酒店,Others,290,8700,0.50,2679.07,11570905,12593224,24846019,1329.99,4319,2019-06-30
台北諾富特華航桃園機場飯店,Taoyuan-Hsinchu-Miaoli,516,15996,0.70,2821.00,31698954,12202962,49230742,1981.47,11236,2019-03-31
東方渡假酒店,Scenery,112,3360,0.00,,0,0,0,,0,2019-09-30
西華大飯店,Taipei,343,10633,0.89,4495.98,41097756,20774271,67760957,3993.95,9141,2019-12-31
香格里拉台南遠東國際大飯店,Others,331,10261,0.70,3608.31,25925719,23639776,55464193,2526.63,7185,2019-08-31
洛碁大飯店花華本館,Taipei,112,3360,0.84,1725.68,4875045,0,4875045,1450.91,2825,2019-06-30
知本老爺大酒店,Scenery,182,5642,0.83,4216.26,19651982,11320381,35512348,3483.16,4661,2019-07-31
台北寒舍艾美酒店,Taipei,160,4960,0.82,9050.00,36969805,75334492,129460951,7453.58,4085,2019-01-31
長榮桂冠酒店(基隆),Others,140,4200,0.84,2498.15,8820964,5816194,17570666,2100.23,3531,2019-06-30
海灣藝術酒店,Taichung,228,6840,0.45,1502.00,4623156,495078,5202455,676.05,3079,2019-04-30
尊爵天際⼤飯店,Taoyuan-Hsinchu-Miaoli,250,7750,0.86,2269.00,15141865,30519592,46203053,1953.38,6672,2019-03-31
幼獅大飯店,Others,55,1705,0.12,1829.34,389650,0,415060,228.53,213,2019-05-31
台北中⼭雅樂軒酒店,Taipei,88,2728,0.85,4334.00,10027869,801578,12075569,3676.10,2314,2019-03-31
⼤億麗緻酒店,Others,315,9450,0.87,2684.00,22114258,26248734,53717155,2340.18,8239,2019-04-30
南⽅莊園渡假飯店,Taoyuan-Hsinchu-Miaoli,111,3330,0.73,4235.00,10340825,14692294,29798797,3105.53,2442,2019-11-30
歐華酒店,Taipei,112,3472,0.50,3023.00,5233213,5310194,11743114,1507.27,1731,2019-01-31
海灣藝術酒店,Taichung,226,7006,0.31,1920.60,4179231,810563,5005399,596.52,2176,2019-10-31
瓏山林台北中和飯店,Others,126,3906,0.46,2404.05,4291234,2659875,8029361,1098.63,1785,2019-07-31
凱撒大飯店,Scenery,281,8711,0.90,4233.54,33275642,12722578,47852513,3819.96,7860,2019-05-31
美麗春天大飯店,Others,34,1054,0.53,2009.68,1113360,132051,1245411,1056.32,554,2019-05-31
台北諾富特華航桃園機場飯店,Taoyuan-Hsinchu-Miaoli,516,15996,0.69,2762.98,30464570,11344690,46749272,1904.51,11026,2019-05-31
花蓮亞⼠都飯店,Hualien,167,5177,0.38,1088.00,2121095,531544,2682639,409.63,1949,2019-01-31
福容大飯店 台北一館,Taipei,120,3720,0.68,3029.50,7388960,11284085,19929603,2052.49,2439,2019-12-31
阿里山賓館,Scenery,35,1085,0.29,5145.13,1615570,0,1615570,1489.00,314,2019-05-31
凱撒大飯店,Scenery,281,8711,0.95,7230.29,59700514,9420812,71901122,6853.46,8257,2019-07-31
台北中山雅樂軒酒店,Taipei,88,2728,0.82,4040.74,9067420,872964,11020406,3323.83,2244,2019-07-31
台北華國大飯店,Taipei,326,9780,0.74,2944.12,21400797,9583154,32998923,2188.22,7269,2019-06-30
花蓮翰品酒店,Hualien,197,6107,0.54,2085.00,6935553,8246343,15883850,1135.91,3327,2019-03-31
⻑榮桂冠酒店(基隆),Others,140,3920,0.65,3547.00,9027928,5806689,17990586,2302.71,2545,2019-02-28
美侖大飯店,Hualien,343,10633,0.62,2265.85,14952323,12329605,28611876,1406.22,6599,2019-10-31
山泉大飯店,Others,146,4380,0.51,2041.70,4595872,790692,5670067,1049.29,2251,2019-09-30
鈺通大飯店,Others,120,3720,0.25,1535.85,1429879,3989968,5434971,384.38,931,2019-05-31
東方渡假酒店,Scenery,112,3472,0.12,2500.43,1000170,540466,1540636,288.07,400,2019-07-31
礁溪老爺⼤酒店,Scenery,193,5790,0.60,6686.00,23327018,15844652,47335445,4028.98,3489,2019-04-30
合尊酒店 S Hotel,Taipei,101,3030,0.59,3680.90,6581449,3065018,10645971,2172.10,1788,2019-09-30
花蓮翰品酒店,Hualien,197,6107,0.83,2775.03,14086058,7942909,22593003,2306.54,5076,2019-08-31
尊爵⼤飯店,Taoyuan-Hsinchu-Miaoli,231,6930,0.90,2167.00,13552834,7735311,22559928,1955.28,6253,2019-04-30
耐斯王⼦⼤飯店,Others,245,6860,0.67,2798.00,12948264,15089916,29424382,1887.53,4628,2019-02-28
台北W飯店,Taipei,405,12150,0.91,8921.00,98795290,62894435,181867020,8130.60,11074,2019-11-30
⻑榮桂冠酒店(基隆),Others,140,4340,0.82,2350.00,8322988,4929411,16210917,1917.37,3541,2019-03-31
瑞穗天合國際觀光酒店,Hualien,198,6138,0.58,7552.81,26774712,12044156,43962698,4362.12,3545,2019-10-31
國賓⼤飯店,Taipei,422,12660,0.71,4021.00,36100274,87329524,131397386,2851.69,8978,2019-11-30
寒軒國際⼤飯店,Kaohsiung,380,11780,0.66,1980.00,15367840,21611955,38010931,1304.42,7761,2019-01-31
遠百企業觀光旅館,Others,40,1240,0.06,1000.00,70000,0,70000,56.45,70,2019-07-31
亞⼠都飯店,Taipei,40,1240,0.33,2440.00,1012798,0,1012798,816.67,415,2019-01-31
東⽅渡假酒店,Scenery,112,3472,0.16,2007.00,1118074,1280579,2398653,321.92,557,2019-01-31
瓏山林台北中和飯店,Others,126,3906,0.46,2410.53,4348601,3138249,8639900,1113.31,1804,2019-10-31
阿里山賓館,Scenery,35,1085,0.44,6326.37,3017680,0,3017680,2781.27,477,2019-07-31
麒麟大飯店,Others,167,5010,0.31,3049.57,4720737,1597700,6572693,942.26,1548,2019-09-30
台北有園飯店,Taipei,56,1736,0.94,2722.66,4296365,319045,4735319,2557.36,1578,2019-12-31
桃園喜來登酒店,Taoyuan-Hsinchu-Miaoli,187,5610,0.40,2749.00,6100897,8691035,16159453,1087.23,2219,2019-11-30
康華大飯店,Taipei,215,6665,0.73,2547.56,12477963,12118264,25397184,1872.16,4898,2019-10-31
華泰王⼦⼤飯店,Taipei,216,6480,0.89,2940.00,16865388,10463291,29677232,2602.49,5736,2019-11-30
長榮桂冠酒店(基隆),Others,140,4340,0.83,2632.40,9510875,5914529,18675043,2191.45,3613,2019-10-31
耐斯王子大飯店,Others,245,7350,0.57,2081.52,8700747,12624413,22269324,1183.78,4180,2019-09-30
福容⼤飯店 台北一館,Taipei,120,3720,0.51,3160.00,6004200,16903106,24987634,1614.13,1900,2019-01-31
福華⼤飯店,Taipei,606,16968,0.56,3833.00,36602000,60398000,115094000,2157.21,9550,2019-02-28
豐⾢喜來登⼤飯店,Taoyuan-Hsinchu-Miaoli,384,11904,0.29,3831.00,13008461,5158997,19839967,1092.98,3396,2019-01-31
高雄國賓大飯店,Kaohsiung,453,13590,0.87,1911.51,22492721,36047946,60685548,1655.09,11767,2019-06-30
高雄福華大飯店,Kaohsiung,271,8401,0.80,2269.99,15165797,23453058,42518437,1805.24,6681,2019-10-31
麒麟大飯店,Others,167,5177,0.45,2820.07,6511550,2593240,9355931,1257.78,2309,2019-10-31
台北美福⼤飯店,Taipei,146,4526,0.51,6515.00,14899788,76499933,98404709,3292.03,2287,2019-01-31
龍谷大飯店,Scenery,189,5670,0.23,1911.81,2456682,1044168,3874267,433.28,1285,2019-06-30
新⽵喜來登⼤飯店,Taoyuan-Hsinchu-Miaoli,386,11580,0.79,3740.00,34261697,31190831,74651966,2959.09,9162,2019-04-30
⼤板根渡假酒店,Others,95,2945,0.83,4486.00,10999697,15391228,40831837,3735.04,2452,2019-01-31
澎湖福朋喜來登酒店,Others,331,9930,0.56,2879.74,15979655,15472218,35480624,1609.23,5549,2019-09-30
台北萬豪酒店,Taipei,318,9858,0.89,6612.49,58156833,64214140,161067954,5899.46,8795,2019-05-31
幼獅大飯店,Others,55,1705,0.22,2140.05,789680,0,835310,463.16,369,2019-07-31
首都大飯店,Taipei,129,3870,0.52,3129.61,6324937,1807795,8739488,1634.35,2021,2019-09-30
和昇帝景飯店,Others,60,1800,0.41,2681.04,1997375,0,1997974,1109.65,745,2019-06-30
鈺通大飯店,Others,120,3600,0.21,1976.65,1482488,3016958,4510553,411.80,750,2019-09-30
台北君悅酒店,Taipei,850,26350,0.70,5724.04,105946277,96190271,227865602,4020.73,18509,2019-08-31
大板根渡假酒店,Others,95,2945,0.80,4382.09,10341723,10391675,30944571,3511.62,2360,2019-05-31
綠舞國際觀光飯店,Others,104,3224,0.32,5424.21,5570659,3544926,10500937,1727.87,1027,2019-10-31
綠舞國際觀光飯店,Others,104,3224,0.21,5684.00,3927613,3150383,8542419,1218.08,691,2019-03-31
麗尊⼤酒店,Kaohsiung,198,6138,0.61,2160.00,8127203,17645191,27407622,1324.30,3763,2019-03-31
Total,Total,28834,865020,0.60,3646.54,1900643990,2127943246,4610964630,2197.23,521218,2019-09-30
福容大飯店 林口,Taoyuan-Hsinchu-Miaoli,149,4619,0.88,2155.52,8721252,2920040,11677526,1888.13,4046,2019-08-31
山泉大飯店,Others,167,5177,0.37,2257.37,4273205,139237,4644677,825.42,1893,2019-07-31
圓⼭⼤飯店,Taipei,500,15500,0.78,3951.00,47649568,66780719,126811261,3074.27,12060,2019-01-31
台北有園飯店,Taipei,56,1680,0.81,2601.91,3556816,395244,4017580,2117.15,1367,2019-09-30
神旺大飯店,Taipei,268,8308,0.86,2366.71,16910161,29238648,49563401,2035.41,7145,2019-08-31
第一⼤飯店,Taipei,176,5456,0.60,1582.00,5179945,2823546,27495718,949.36,3274,2019-01-31
大板根渡假酒店,Others,95,2850,0.82,4685.09,10991226,12772498,36661394,3856.57,2346,2019-06-30
新竹老爺大酒店,Taoyuan-Hsinchu-Miaoli,208,6240,0.64,3002.36,12048463,12872668,26090704,1930.84,4013,2019-06-30
陽明山中國麗緻大飯店,Scenery,47,1457,0.30,3869.79,1698837,1650934,5289564,1165.98,439,2019-08-31
長榮桂冠酒店(台中),Taichung,354,10974,0.67,2296.54,16953042,20075137,41696220,1544.84,7382,2019-07-31
悅川酒店,Others,103,3090,0.75,3724.00,8675777,6309394,14985171,2807.90,2330,2019-11-30
和昇帝景飯店,Others,60,1800,0.36,2344.65,1521681,5700,1527381,845.38,649,2019-09-30
台北凱撒大飯店,Taipei,478,14818,0.85,3581.79,44965768,17239771,67358277,3034.54,12554,2019-07-31
碧特弗⼤飯店,Others,54,1620,0.31,2406.00,1191085,197490,1388575,735.27,495,2019-11-30
高雄福華大飯店,Kaohsiung,271,8130,0.69,2225.95,12498690,18321929,34355147,1537.35,5615,2019-06-30
南方莊園渡假飯店,Taoyuan-Hsinchu-Miaoli,111,3441,0.54,3860.59,7126650,10409366,22162509,2071.10,1846,2019-05-31
⽇勝⽣加賀屋國際溫泉飯店,Taipei,90,2700,0.60,7657.00,12404368,9678452,29614993,4594.20,1620,2019-11-30
晶悅國際飯店(原桃園⼤飯店),Taoyuan-Hsinchu-Miaoli,388,10864,0.64,1668.00,11665093,5139839,17466372,1073.52,6992,2019-02-28
寒軒國際⼤飯店,Kaohsiung,380,11780,0.73,1884.00,16191670,15012521,32148880,1374.38,8593,2019-03-31
台中⾦典酒店,Taichung,222,6216,0.73,3561.00,16082545,21135979,49813987,2587.07,4516,2019-02-28
太魯閣晶英酒店,Scenery,160,4960,0.79,7387.00,28957045,9562134,42613878,5838.11,3920,2019-10-31
首都大飯店,Taipei,129,3999,0.63,2973.92,7434800,2643590,10718945,1859.16,2500,2019-10-31
馥藝金鬱金香酒店,Taoyuan-Hsinchu-Miaoli,191,5921,0.70,1881.90,7815537,4254588,12318621,1319.97,4153,2019-07-31
趣淘漫旅,Scenery,198,5940,0.50,2984.84,8781399,4510168,15169286,1478.35,2942,2019-06-30
阿⾥⼭賓館,Scenery,35,1085,0.53,6956.00,3971782,0,3971782,3660.94,571,2019-03-31
悅川酒店,Others,103,3193,0.75,3723.51,8675777,6309394,14985171,2807.69,2330,2019-12-31
康華大飯店,Taipei,215,6665,0.68,2406.00,10983386,11050874,22724522,1647.92,4565,2019-05-31
瓏山林台北中和飯店,Others,126,3906,0.27,3908.18,4123130,4366717,9503432,1055.59,1055,2019-05-31
⼤億麗緻酒店,Others,315,9765,0.76,2984.00,22280118,25124854,55046600,2281.86,7467,2019-03-31
台北寒舍艾美酒店,Taipei,160,4960,0.91,9156.30,39921447,69169968,125613064,8316.97,4360,2019-12-31
⾸都⼤飯店,Taipei,129,3999,0.40,4640.00,7493813,3393396,11031770,1874.10,1615,2019-01-31
歐華酒店,Taipei,112,3360,0.42,2954.84,4163376,5038648,10342110,1239.10,1409,2019-06-30
台糖⻑榮酒店(台南),Others,197,5910,0.86,2376.00,12093673,23669802,37708051,2045.97,5089,2019-11-30
寶華大飯店,Others,78,2340,0.64,2617.23,3928464,5160,3935624,1678.83,1501,2019-06-30
晶英國際行館,Kaohsiung,147,4557,0.38,6026.16,10539759,12920647,26592603,2312.87,1749,2019-10-31
歐華酒店,Taipei,112,3136,0.53,3078.00,5102555,4915361,11036787,1627.34,1658,2019-02-28
香格⾥拉台南遠東國際⼤飯店,Others,333,10323,0.76,3656.00,28590888,23579716,59021191,2769.42,7820,2019-03-31
⻄華⼤飯店,Taipei,343,10633,0.88,4365.00,40926854,19943021,66928099,3849.06,9376,2019-03-31
台北有園飯店,Taipei,56,1568,0.79,2601.00,3201268,296029,3544353,2042.05,1231,2019-02-28
亞都麗緻⼤飯店,Taipei,209,6479,0.60,4041.00,15743425,15273435,37919852,2429.85,3896,2019-01-31
台北萬豪酒店,Taipei,318,9858,0.97,6071.87,56395505,81186247,180005322,5911.48,9288,2019-12-31
幼獅大飯店,Others,55,1705,0.18,1837.10,569500,0,602100,334.02,310,2019-10-31
麗尊⼤酒店,Kaohsiung,198,5544,0.70,2630.00,10221085,19676242,31573381,1843.37,3886,2019-02-28
⾸都⼤飯店,Taipei,129,3612,0.72,3218.00,8399106,3243177,11837275,2325.33,2610,2019-02-28
天成⼤飯店,Taipei,225,6300,0.97,3070.00,18705057,27406148,48928139,2968.69,6092,2019-02-28
麒麟大飯店,Others,167,5177,0.42,4051.58,8755454,2324988,11330662,1691.22,2161,2019-07-31
東方渡假酒店,Scenery,112,3472,0.01,2459.58,98383,0,98383,28.34,40,2019-08-31
耐斯王子大飯店,Others,245,7595,0.68,2109.94,10946382,14823927,26955307,1441.26,5188,2019-07-31
福容大飯店 台北一館,Taipei,120,3720,0.50,3066.08,5684505,9022170,15820770,1528.09,1854,2019-07-31
六福客棧,Taipei,226,6328,0.76,1435.00,6871066,8159921,15706219,1085.72,4788,2019-02-28
花蓮翰品酒店,Hualien,197,6107,0.71,2434.10,10488539,10090707,21390420,1717.46,4309,2019-10-31
台北華國大飯店,Taipei,326,10106,0.78,2850.12,22350609,9110060,33446686,2211.62,7842,2019-08-31
花蓮亞⼠都飯店,Hualien,167,5177,0.36,1073.00,2000939,552572,2569511,386.39,1864,2019-03-31
高雄國賓大飯店,Kaohsiung,453,14043,0.84,1959.36,23228244,32737809,58114242,1654.08,11855,2019-05-31
美麗春天大飯店,Others,34,1054,0.29,2433.99,749668,224030,973698,711.26,308,2019-10-31
義大皇家酒店,Kaohsiung,656,19680,0.53,2847.00,29904888,22893158,56545968,1519.56,10504,2019-06-30
陸島酒店,Others,47,1457,0.34,1525.49,755117,74240,829557,518.27,495,2019-08-31
國王大飯店,Taipei,97,3007,0.70,1443.85,3046518,848953,3952876,1013.14,2110,2019-10-31
南⽅莊園渡假飯店,Taoyuan-Hsinchu-Miaoli,111,3441,0.67,4021.00,9316575,24350575,39902931,2707.74,2317,2019-01-31
瓏⼭林台北中和飯店,Others,126,3906,0.35,2867.00,3928354,5686797,10837219,1005.46,1370,2019-01-31
合尊酒店 S Hotel,Taipei,101,3131,0.73,3634.24,8318786,3474774,13025675,2656.91,2289,2019-07-31
福容大飯店 桃園,Taoyuan-Hsinchu-Miaoli,182,5460,0.72,1821.48,7162043,4536363,12267435,1311.73,3932,2019-09-30
亞士都飯店,Taipei,40,1240,0.37,2298.15,1059449,0,1059449,854.39,461,2019-05-31
台南大飯店,Others,152,4712,0.60,2047.00,5768454,8207631,15024680,1224.21,2818,2019-07-31
涵碧樓大飯店,Scenery,96,2976,0.82,14209.96,34757572,4811690,43005927,11679.29,2446,2019-05-31
兄弟⼤飯店,Taipei,250,7000,0.66,3423.00,15706468,55194738,76822851,2244.12,4589,2019-02-28
國賓⼤飯店,Taipei,422,11816,0.70,3460.00,28776666,86621613,123207387,2435.84,8318,2019-02-28
知本老爺⼤酒店,Scenery,182,5460,0.84,3619.00,16665893,10270287,30823210,3052.26,4605,2019-11-30
麗尊大酒店,Kaohsiung,198,6138,0.76,2170.15,10069512,14885266,26707798,1640.52,4640,2019-08-31
台北美福大飯店,Taipei,146,4380,0.53,6511.62,15015807,60013722,80511739,3428.27,2306,2019-06-30
亞都麗緻大飯店,Taipei,209,6270,0.67,4027.62,16891849,10080575,31348498,2694.07,4194,2019-06-30
華園⼤飯店,Kaohsiung,269,8339,0.41,1451.00,4939438,4522777,9783253,592.15,3403,2019-01-31
阿里山賓館(新館),Scenery,104,3224,0.77,5491.12,13546590,7541943,21468956,4201.80,2467,2019-10-31
台北寒舍艾美酒店,Taipei,160,4960,0.89,8504.90,37472581,56129916,108254230,7554.96,4406,2019-10-31
洛碁大飯店花華本館,Taipei,112,3360,0.89,1827.62,5455435,0,5455435,1623.64,2985,2019-09-30
豐⾢喜來登⼤飯店,Taoyuan-Hsinchu-Miaoli,384,11904,0.37,3787.00,16677866,5172628,23855325,1401.19,4404,2019-03-31
名都觀光渡假大飯店,Scenery,97,3007,0.77,900.37,2090667,2448196,4651397,695.27,2322,2019-05-31
幼獅⼤飯店,Others,53,1643,0.24,1103.00,436980,0,465540,265.82,396,2019-03-31
名都觀光渡假大飯店,Scenery,97,3007,0.39,1212.61,1421174,2484324,4017118,472.62,1172,2019-10-31
遠雄悅來⼤飯店,Hualien,381,11811,0.31,2993.00,11071301,8187240,22412841,937.41,3699,2019-03-31
幼獅⼤飯店,Others,53,1643,0.18,2319.00,698000,0,721650,424.84,301,2019-01-31
東方渡假酒店,Scenery,112,3360,0.24,2567.30,2076946,1577382,3654328,618.14,809,2019-06-30
娜路彎大酒店,Others,276,8280,0.51,3929.93,16725766,10020322,30975227,2020.02,4256,2019-06-30
綠舞國際觀光飯店,Others,104,3120,0.29,5754.87,5139100,3143622,9262834,1647.15,893,2019-06-30
華泰王⼦⼤飯店,Taipei,218,6758,0.81,2794.00,15378773,11911582,30528152,2275.99,5505,2019-03-31
遠雄悅來大飯店,Hualien,381,11811,0.64,3991.36,30226541,16506196,57298768,2559.19,7573,2019-07-31
陸島酒店,Others,47,1410,0.57,1441.00,1154579,128560,17825046,818.63,801,2019-11-30
豐邑喜來登大飯店,Taoyuan-Hsinchu-Miaoli,384,11520,0.22,3693.75,9167896,5250325,15694720,795.82,2482,2019-06-30
海灣藝術酒店,Taichung,226,7006,0.28,1447.99,2849642,482509,3441597,406.74,1968,2019-08-31
慶泰大飯店,Taipei,150,4650,0.72,2793.00,9390067,6083210,15966009,2019.37,3362,2019-05-31
桃園喜來登酒店,Taoyuan-Hsinchu-Miaoli,187,5797,0.01,3143.77,110032,3641994,4115030,18.98,35,2019-05-31
板橋凱撒⼤飯店,Others,400,12400,0.46,4001.00,23015515,17155576,41503921,1856.06,5752,2019-01-31
古華花園飯店,Taoyuan-Hsinchu-Miaoli,255,7905,0.90,2861.77,19634579,16704595,38441303,2566.61,6861,2019-12-31
遠百企業觀光旅館,Others,40,1240,0.06,1000.00,76000,0,76000,61.29,76,2019-08-31
豐邑喜來登大飯店,Taoyuan-Hsinchu-Miaoli,384,11904,0.24,4808.08,13159715,4435867,19198189,1142.34,2737,2019-12-31
台中福華大飯店,Taichung,155,4805,0.62,2513.42,7457312,10594199,20590234,1551.99,2967,2019-05-31
長榮桂冠酒店(台中),Taichung,354,10620,0.70,2235.88,16594703,23625238,45270319,1562.59,7422,2019-06-30
Total,Total,28473,854190,0.73,3774.54,2361239677,2327790894,5309343261,2764.30,625571,2019-11-30
圓山大飯店,Taipei,500,15500,0.83,3743.57,48123567,47599801,105220904,3104.75,12855,2019-07-31
名都觀光渡假⼤飯店,Scenery,97,2910,0.61,947.00,1690089,3190115,5011206,580.89,1785,2019-11-30
台北花園大酒店,Taipei,241,7471,0.96,2317.90,16058417,24425305,44237504,2221.08,6928,2019-12-31
亞都麗緻大飯店,Taipei,209,6270,0.67,3864.20,16175531,11477199,33539246,2579.83,4186,2019-09-30
長榮鳳凰酒店(礁溪),Others,231,7161,0.80,5757.27,32902804,21374788,61020891,4594.72,5715,2019-07-31
台南⼤員皇冠假⽇酒店,Others,231,7161,0.50,3091.00,11102078,11929276,25332617,1550.45,3592,2019-03-31
國聯大飯店,Taipei,243,7533,0.70,2374.03,12131282,1929905,15573253,1664.10,5110,2019-12-31
花蓮亞⼠都飯店,Hualien,167,5010,0.42,1082.00,2285645,1290327,3590972,456.17,2112,2019-11-30
桃禧航空城酒店,Taoyuan-Hsinchu-Miaoli,187,5236,0.62,2455.00,7960640,9101049,18370642,1520.63,3243,2019-02-28
台北寒舍喜來登大飯店,Taipei,688,21328,0.75,5092.72,81570057,111859841,216134220,3824.55,16017,2019-10-31
和昇帝景飯店,Others,60,1860,0.41,2532.60,1909584,0,1909941,1026.66,754,2019-05-31
義華酒店,Taipei,149,4619,0.25,4249.00,4907595,168591,8517908,1062.67,1155,2019-03-31
台中金典酒店,Taichung,222,6882,0.65,2831.26,12754846,19235598,44606948,1853.36,4505,2019-05-31
台中金典酒店,Taichung,222,6660,0.78,2868.51,14824436,23267496,50592643,2225.89,5168,2019-06-30
台北寒舍艾美酒店,Taipei,160,4800,0.91,9156.00,39921447,69169968,125613064,8316.39,4360,2019-11-30
⼤億麗緻酒店,Others,315,9765,0.68,3082.00,20502817,36759498,62712935,2099.46,6652,2019-01-31
耐斯王子大飯店,Others,245,7595,0.66,2304.25,11544307,15660947,28684377,1519.99,5010,2019-10-31
寒舍艾麗酒店,Taipei,235,7285,0.84,6659.61,40983242,24196037,71705521,5625.70,6154,2019-05-31
豐⾢喜來登⼤飯店,Taoyuan-Hsinchu-Miaoli,384,10752,0.19,3930.00,8185884,5264936,14680285,761.24,2083,2019-02-28
台北W飯店,Taipei,405,12150,0.82,8698.00,86342562,41713851,145368852,7106.27,9927,2019-04-30
晶華酒店,Taipei,538,16678,0.84,5634.00,78980736,129748784,263363802,4735.94,14019,2019-03-31
日月行館,Scenery,92,2760,0.29,10010.63,8058560,2080174,10168602,2919.77,805,2019-09-30
寶華⼤飯店,Others,78,2340,0.44,1636.00,1688864,0,1690864,721.48,1032,2019-04-30
美侖大飯店,Hualien,343,10290,0.45,2230.49,10300403,7582269,19194379,1001.01,4618,2019-09-30
台北W飯店,Taipei,405,12150,0.82,8111.23,81104213,48429063,146819667,6675.24,9999,2019-09-30
台北寒舍喜來登⼤飯店,Taipei,688,21328,0.80,5159.00,88155818,108260718,219997520,4133.39,17089,2019-03-31
豪景大酒店,Taipei,209,6479,0.68,2139.78,9440730,678286,10378436,1457.13,4412,2019-10-31
福容⼤飯店桃園,Taoyuan-Hsinchu-Miaoli,182,5642,0.86,1879.00,9098565,5100488,14827938,1612.56,4842,2019-01-31
阿⾥⼭賓館(新館),Scenery,102,3060,0.79,5953.00,14376069,7486541,22239399,4698.11,2415,2019-04-30
神旺⼤飯店,Taipei,268,7504,0.89,2432.00,16295375,36102676,56815308,2171.53,6700,2019-02-28
⾼雄福華⼤飯店,Kaohsiung,271,8130,0.86,2246.00,15692581,14549760,33671535,1929.99,6986,2019-04-30
阿里山賓館,Scenery,35,1085,0.45,5662.46,2774603,0,2774603,2557.24,490,2019-10-31
趣淘漫旅,Scenery,198,6138,0.48,2375.00,7001249,4056697,12495472,1140.71,2948,2019-01-31
北投老爺酒店,Taipei,50,1400,0.68,6978.00,6607765,3025571,10979085,4719.92,947,2019-02-28
台東桂⽥喜來登酒店,Others,290,8990,0.45,2599.00,10421365,11095005,22185084,1158.89,4009,2019-03-31
古華花園飯店,Taoyuan-Hsinchu-Miaoli,255,7650,0.85,2911.00,19028757,21614019,42529849,2487.16,6536,2019-04-30
晶華酒店,Taipei,538,16678,0.82,5814.36,79400930,126352249,259157936,4760.82,13656,2019-10-31
尊爵⼤飯店,Taoyuan-Hsinchu-Miaoli,231,6468,0.82,2236.00,11854154,11726935,25176541,1832.63,5301,2019-02-28
新竹老爺大酒店,Taoyuan-Hsinchu-Miaoli,208,6240,0.64,3083.50,12386422,20887375,34388788,1985.00,4017,2019-09-30
瓏山林台北中和飯店,Others,126,3780,0.37,2365.71,3302538,3221195,7934892,873.69,1396,2019-06-30
涵碧樓大飯店,Scenery,96,2880,0.79,14008.80,31982092,3077281,37544505,11104.89,2283,2019-09-30
雲品溫泉酒店⽇⽉潭,Scenery,211,5908,0.72,10910.00,46126605,20720631,71547107,7807.20,4228,2019-02-28
寒舍艾麗酒店,Taipei,235,7285,0.79,6145.40,35501997,15856495,56872245,4873.30,5777,2019-07-31
國聯大飯店,Taipei,243,7533,0.69,2104.83,10888273,1560000,13764628,1445.41,5173,2019-08-31
娜路彎大酒店,Others,276,8556,0.52,3234.36,13817200,12591208,33940872,1668.74,4272,2019-12-31
圓⼭⼤飯店,Taipei,500,15000,0.82,3846.00,47368119,66249800,129002865,3157.57,12315,2019-11-30
⼤億麗緻酒店,Others,315,8820,0.65,4310.00,24671427,27137871,56509887,2797.19,5724,2019-02-28
華王大飯店,Kaohsiung,297,9207,0.23,1594.82,3328388,921605,4282261,361.51,2087,2019-10-31
台糖⻑榮酒店(台南),Others,197,6107,0.80,2674.00,12987759,24670706,39318458,2126.63,4857,2019-01-31
福容大飯店 淡水漁人碼頭,Others,198,6138,0.52,4276.27,13329133,16849839,32183539,2243.96,3117,2019-12-31
漢來大飯店,Kaohsiung,535,16050,0.70,2941.08,33248941,65319744,115521374,2071.59,11305,2019-06-30
台北花園大酒店,Taipei,241,7471,0.95,2374.30,16833757,17657762,37836664,2253.21,7090,2019-08-31
晶悅國際飯店,Taoyuan-Hsinchu-Miaoli,388,11640,0.40,1695.26,7911795,5693999,14356101,679.71,4667,2019-09-30
洛碁⼤飯店花華本館,Taipei,112,3472,0.83,1829.00,5271034,0,5271034,1518.25,2882,2019-01-31
華泰王⼦⼤飯店,Taipei,213,5964,0.68,2708.00,10918928,13295360,27567770,1830.88,4032,2019-02-28
麒麟大飯店,Others,167,5010,0.25,3422.88,4216982,1846341,6348811,841.71,1232,2019-06-30
美麗信花園酒店,Taipei,203,6090,0.83,2237.00,11308106,5470712,22733513,1856.71,5055,2019-04-30
國賓大飯店,Taipei,316,9796,0.65,3847.33,24669103,71142285,102189505,2518.28,6412,2019-10-31
墾丁福華渡假飯店,Scenery,458,13740,0.62,3213.00,27218643,8479222,36719531,1980.81,8471,2019-04-30
馥藝⾦鬱⾦香酒店,Taoyuan-Hsinchu-Miaoli,191,5921,0.65,1194.00,4603935,3095313,7955589,777.77,3857,2019-03-31
蘭城晶英酒店,Others,193,5983,0.88,9758.08,51376296,38168775,100218458,8587.05,5265,2019-07-31
福華⼤飯店,Taipei,606,18180,0.82,3965.00,58756000,48882000,127475000,3231.87,14819,2019-11-30
福容⼤飯店淡⽔漁⼈碼頭,Others,198,5940,0.46,4108.00,11276113,12891079,26015803,1898.31,2745,2019-04-30
阿⾥⼭賓館,Scenery,35,1050,0.52,5259.00,2855871,0,2855871,2719.43,543,2019-11-30
華園大飯店,Kaohsiung,269,8339,0.81,1479.59,9990199,3068250,14125221,1198.01,6752,2019-08-31
新⽵老爺⼤酒店,Taoyuan-Hsinchu-Miaoli,208,6448,0.72,2998.00,13966475,12345307,27600851,2165.76,4658,2019-03-31
六福客棧,Taipei,230,7130,0.84,1399.32,8109078,7917960,16481851,1175.23,5795,2019-12-31
台北諾富特華航桃園機場飯店,Taoyuan-Hsinchu-Miaoli,516,15996,0.77,2698.04,33407109,23067778,61988611,2088.47,12382,2019-10-31
福容⼤飯店台北一館,Taipei,120,3360,0.56,3149.00,5907054,11824177,19071996,1758.09,1876,2019-02-28
美麗春天大飯店,Others,34,1054,0.31,2407.36,758317,261790,1020107,743.45,315,2019-12-31
山泉大飯店,Others,167,5177,0.35,2064.96,3692142,649606,4570261,713.18,1788,2019-08-31
幼獅大飯店,Others,55,1650,0.19,1591.35,496500,0,529060,300.91,312,2019-09-30
福容大飯店 林口,Taoyuan-Hsinchu-Miaoli,149,4619,1.00,1801.49,8321081,2979586,11356514,1801.49,4619,2019-07-31
台北君悅酒店,Taipei,850,25500,0.72,5918.00,108195078,88428719,222703050,4243.21,18283,2019-04-30
高雄福華大飯店,Kaohsiung,271,8130,0.70,2191.40,12447174,18437330,34198461,1531.02,5680,2019-09-30
台北諾富特華航桃園機場飯店,Taoyuan-Hsinchu-Miaoli,516,15480,0.76,2767.00,32567121,10523989,48247335,2103.47,11768,2019-04-30
台北美福大飯店,Taipei,146,4526,0.49,6335.15,13918332,43188236,61772811,3075.19,2197,2019-07-31
神旺大飯店,Taipei,268,8308,0.86,2066.40,14764447,25642721,43568038,1777.14,7145,2019-07-31
陽明山中國麗緻大飯店,Scenery,47,1410,0.31,3568.92,1538205,1490488,4628917,1090.93,431,2019-09-30
碧特弗大飯店,Others,54,1674,0.52,2005.44,1748748,99617,1848365,1044.65,872,2019-05-31
兄弟⼤飯店,Taipei,250,7750,0.73,3601.00,20437580,41325585,66261664,2637.01,5675,2019-03-31
寶華⼤飯店,Others,78,2184,0.00,3650.00,7300,0,9300,3.28,2,2019-02-28
福容大飯店 高雄,Kaohsiung,250,7750,0.75,1639.52,9579744,3296834,14313509,1236.10,5843,2019-07-31
台中⾦典酒店,Taichung,222,6660,0.86,2872.00,16373623,23014195,54559824,2458.43,5701,2019-11-30
鈺通大飯店,Others,120,3720,0.32,1828.61,2190675,6087291,8288889,588.89,1198,2019-10-31
雲品溫泉酒店日月潭,Scenery,211,6541,0.76,8848.97,44129796,25115663,74062223,6746.64,4987,2019-08-31
美麗信花園酒店,Taipei,203,6293,0.89,2260.00,12587434,6397555,25555575,2000.33,5570,2019-03-31
台北君悅酒店,Taipei,850,26350,0.77,6095.00,124112756,103052610,256527253,4710.22,20362,2019-03-31
台北君品⼤酒店,Taipei,286,8866,0.79,4788.00,33583467,63084456,101970044,3787.79,7014,2019-01-31
台南大飯店,Others,152,4712,0.55,1980.58,5133665,9295571,15575237,1089.49,2592,2019-05-31
⻑榮桂冠酒店(台中),Taichung,354,10974,0.80,2354.00,20674328,22623988,49093393,1883.67,8781,2019-03-31
福容大飯店 淡水漁人碼頭,Others,198,6138,0.60,4699.65,17398105,15607640,35421992,2834.49,3702,2019-08-31
樂樂⽇暉溫泉酒店,Others,48,1440,0.22,2356.00,751685,0,751685,521.85,319,2019-11-30
全國⼤飯店,Taichung,178,5340,0.69,2066.00,7665927,13132711,23006254,1435.46,3710,2019-11-30
天成⼤飯店,Taipei,225,6750,0.98,3214.00,21348446,24679575,48786819,3162.90,6643,2019-11-30
台北凱撒⼤飯店,Taipei,478,14818,0.84,3423.00,42549565,28383100,75599523,2871.55,12431,2019-01-31
耐斯王⼦⼤飯店,Others,245,7595,0.65,2099.00,10402601,14007970,25721524,1369.39,4955,2019-03-31
華王⼤飯店,Kaohsiung,297,9207,0.37,1339.00,4615586,2396388,7090069,501.46,3448,2019-03-31
台北花園大酒店,Taipei,241,7471,0.92,2327.09,16061599,21165072,40789730,2149.86,6902,2019-07-31
阿里山賓館(新館),Scenery,102,3162,0.50,4951.53,7887785,4844912,13138471,2494.56,1593,2019-05-31
Total,Total,28838,893978,0.69,3783.62,2335836515,2046793219,4922540038,2612.86,617355,2019-08-31
香格里拉台南遠東國際大飯店,Others,331,9930,0.61,3479.77,20909916,20910812,47432280,2105.73,6009,2019-09-30
阿⾥⼭賓館,Scenery,35,980,0.42,7253.00,2959106,0,2959106,3019.42,408,2019-02-28
全國大飯店,Taichung,178,5518,0.63,2044.45,7086076,11514267,20736406,1284.17,3466,2019-08-31
台北君品大酒店,Taipei,286,8580,0.75,4839.37,31262301,53900678,89177120,3643.62,6460,2019-09-30
洛碁大飯店花華本館,Taipei,112,3472,0.82,1718.01,4915216,0,4915216,1415.67,2861,2019-07-31
台中福華⼤飯店,Taichung,155,4805,0.67,2608.00,8411890,9310196,21049263,1750.49,3225,2019-03-31
涵碧樓大飯店,Scenery,96,2976,0.88,14164.83,37140175,6718499,47438710,12479.90,2622,2019-08-31
晶悅國際飯店(原桃園⼤飯店),Taoyuan-Hsinchu-Miaoli,388,12028,0.82,1591.00,15600658,4119888,20889269,1297.14,9807,2019-03-31
天成⼤飯店,Taipei,225,6975,0.98,3034.00,20678319,34031609,58473444,2964.82,6816,2019-03-31
海灣藝術酒店,Taichung,226,6780,0.43,1416.00,4118068,1439641,5718413,607.61,2909,2019-11-30
知本老爺大酒店,Scenery,182,5642,0.76,3727.98,16004225,9372645,29199869,2836.62,4293,2019-10-31
⻄華⼤飯店,Taipei,343,10633,0.66,4589.00,32385058,24295513,63248392,3045.72,7057,2019-01-31
馥藝金鬱金香酒店,Taoyuan-Hsinchu-Miaoli,191,5921,0.63,2015.26,7492740,5718723,13519449,1265.45,3718,2019-10-31
華王⼤飯店,Kaohsiung,297,8910,0.43,1249.00,4742438,2256783,7110377,532.32,3797,2019-04-30
亞⼠都飯店,Taipei,40,1120,0.38,2523.00,1087607,0,1087607,970.85,431,2019-02-28
台南大飯店,Others,152,4560,0.54,1991.81,4893880,7627258,13726505,1073.22,2457,2019-09-30
台北諾富特華航桃園機場飯店,Taoyuan-Hsinchu-Miaoli,516,15480,0.66,2767.05,28456360,11424900,44738089,1838.27,10284,2019-06-30
鈺通⼤飯店,Others,120,3360,0.44,2112.00,3113620,5221772,8378980,926.53,1474,2019-02-28
澎湖福朋喜來登酒店,Others,331,10261,0.13,2079.00,2702359,8758535,12817835,263.41,1300,2019-01-31
君鴻國際酒店,Kaohsiung,585,18135,0.66,2308.00,27423363,23563944,61486181,1512.43,11883,2019-03-31
⾸都⼤飯店,Taipei,129,3870,0.79,2980.00,9116860,2850911,12666962,2355.39,3059,2019-04-30
華王大飯店,Kaohsiung,297,9207,0.22,1482.77,3045619,842023,3909414,330.79,2054,2019-08-31
娜路彎⼤酒店,Others,276,8556,0.53,3420.00,15450083,11932171,31704348,1806.10,4518,2019-03-31
華園⼤飯店,Kaohsiung,269,7532,0.77,1899.00,11051982,5265253,17717592,1467.36,5820,2019-02-28
趣淘漫旅,Scenery,198,6138,0.64,2745.34,10739754,3672279,15913810,1749.72,3912,2019-10-31
康華大飯店,Taipei,215,6450,0.62,2418.89,9743270,9875858,20314849,1510.58,4028,2019-09-30
北投老爺酒店,Taipei,50,1550,0.54,5700.28,4759736,2687556,8685011,3070.80,835,2019-10-31
洛碁⼤飯店花華本館,Taipei,112,3136,0.81,1909.00,4832336,0,4832336,1540.75,2531,2019-02-28
耐斯王子大飯店,Others,245,7595,0.64,2298.46,10733805,15346833,27316230,1460.38,4670,2019-12-31
福容大飯店 淡水漁人碼頭,Others,198,6138,0.66,4354.71,17571263,19066295,39291143,2862.70,4035,2019-07-31
六福客棧,Taipei,230,7130,0.81,1367.52,7886511,8456857,16863307,1106.10,5767,2019-08-31
福華⼤飯店,Taipei,606,18180,0.74,3805.00,50891000,34083000,102735000,2798.96,13374,2019-04-30
海灣藝術酒店,Taichung,228,6384,0.24,2259.00,3514908,997436,4611909,550.52,1556,2019-02-28
寒軒國際大飯店,Kaohsiung,380,11400,0.67,1862.67,14217739,15831834,30836488,1247.17,7633,2019-06-30
耐斯王⼦⼤飯店,Others,245,7595,0.57,2230.00,9707532,16255878,27335990,1278.46,4354,2019-01-31
長榮鳳凰酒店(礁溪),Others,231,7161,0.67,5496.33,26497794,21932992,56335633,3700.29,4821,2019-10-31
遠百企業觀光旅館,Others,40,1200,0.06,1011.00,74800,0,74800,62.38,74,2019-04-30
美麗春天⼤飯店,Others,34,1020,0.31,2407.00,758317,261790,1020107,743.28,315,2019-11-30
慶泰⼤飯店,Taipei,150,4500,0.88,2866.00,11285968,6987959,18816461,2508.04,3938,2019-11-30
樂樂⽇暉溫泉酒店,Others,48,1440,0.00,0.00,0,0,0,0.00,0,2019-04-30
花蓮翰品酒店,Hualien,197,5910,0.70,2174.00,9040035,11878924,21825145,1529.84,4159,2019-11-30
寶華大飯店,Others,78,2340,0.30,1343.64,949950,12600,964550,405.96,707,2019-09-30
高雄圓山大飯店,Scenery,107,3317,0.64,2417.56,5146981,6975172,13895732,1551.70,2129,2019-08-31
海灣藝術酒店,Taichung,228,7068,0.31,1433.24,3164590,1054239,4295169,447.73,2208,2019-05-31
花蓮翰品酒店,Hualien,197,6107,0.74,1941.31,8722307,10197763,19668558,1428.25,4493,2019-05-31
陸島酒店,Others,47,1316,0.19,2012.00,510969,42400,598834,388.32,254,2019-02-28
華園大飯店,Kaohsiung,269,8070,0.68,1413.95,7783770,2434284,10700147,964.53,5505,2019-06-30
福容⼤飯店台北一館,Taipei,120,3600,0.70,2980.00,7474979,7779203,16255744,2076.17,2508,2019-04-30
福容⼤飯店林⼝,Taoyuan-Hsinchu-Miaoli,149,4619,0.54,2956.00,7428024,6054945,13572515,1608.36,2513,2019-01-31
麒麟⼤飯店,Others,167,4676,0.33,5220.00,8106762,2096022,10498310,1733.56,1553,2019-02-28
悅川酒店,Others,103,3090,0.72,3649.22,8137761,5913143,14050904,2633.58,2230,2019-09-30
台北華國大飯店,Taipei,326,10106,0.74,3037.93,22842170,10083972,35057109,2260.26,7519,2019-05-31
日勝生加賀屋國際溫泉飯店,Taipei,90,2790,0.48,5715.85,7636370,7234323,17843266,2737.05,1336,2019-07-31
⾼雄國賓⼤飯店,Kaohsiung,453,14043,0.88,1992.00,24661941,38265969,65069568,1756.15,12380,2019-03-31
香格里拉台北遠東國際大飯店,Taipei,420,13020,0.69,5873.29,52524823,46231520,114964508,4034.16,8943,2019-07-31
台糖⻑榮酒店(台南),Others,197,5516,0.79,3407.00,14813614,20952735,37500808,2685.74,4348,2019-02-28
雲品溫泉酒店⽇⽉潭,Scenery,211,6541,0.80,7415.00,38749758,24085698,66796599,5924.59,5226,2019-01-31
涵碧樓⼤飯店,Scenery,96,2880,0.80,13913.00,32096841,6523537,41867390,11144.31,2307,2019-11-30
凱撒大飯店,Scenery,281,8711,0.84,4433.54,31540184,7596624,41021721,3741.42,7114,2019-12-31
台北中⼭雅樂軒酒店,Taipei,88,2728,0.82,4174.00,9316124,555174,10941799,3415.17,2232,2019-01-31
台北凱撒大飯店,Taipei,478,14818,0.89,3825.92,50433322,18689459,73984612,3403.52,13182,2019-10-31
龍谷大飯店,Scenery,189,5859,0.17,2213.66,2244652,699295,3336819,383.11,1014,2019-07-31
⾼雄圓⼭⼤飯店,Scenery,107,3317,0.57,2364.00,4448150,10991263,16321907,1341.33,1882,2019-01-31
義華酒店,Taipei,149,4619,0.47,3698.30,7729450,138014,9384897,1729.18,2090,2019-12-31
兄弟大飯店,Taipei,250,7750,0.61,3365.17,15923982,38052907,58473911,2054.71,4732,2019-07-31
蘭城晶英酒店,Others,193,5790,0.60,9631.00,33236887,27237634,67990678,5740.08,3451,2019-04-30
美麗信花園酒店,Taipei,203,6293,0.90,2319.47,12722287,7522839,26819470,2089.05,5485,2019-12-31
寒舍艾麗酒店,Taipei,235,7050,0.80,6165.01,34918635,25878478,67164365,4953.00,5664,2019-06-30
裕元花園酒店,Taichung,149,4470,0.77,3224.00,11147801,21367091,36939138,2494.09,3458,2019-04-30
老爺⼤酒店,Taipei,202,6262,0.92,4744.00,27302900,42592191,77309540,4359.74,5755,2019-01-31
美麗春天大飯店,Others,34,1020,0.12,2765.73,337419,169144,506563,330.80,122,2019-09-30
亞士都飯店,Taipei,40,1200,0.25,2345.59,696639,0,696639,580.53,297,2019-09-30
華園大飯店,Kaohsiung,269,8339,0.76,1290.56,8155054,3830270,12554246,977.94,6319,2019-05-31
福容⼤飯店桃園,Taoyuan-Hsinchu-Miaoli,182,5096,0.79,1857.00,7432836,4846203,12895310,1458.30,4002,2019-02-28
海灣藝術酒店,Taichung,226,6780,0.12,1592.59,1286814,319835,1773911,189.80,808,2019-09-30
國賓大飯店,Taipei,316,9480,0.64,3695.46,22431471,87200960,115506088,2366.19,6070,2019-09-30
福容大飯店 林口,Taoyuan-Hsinchu-Miaoli,149,4619,0.93,1874.45,8062001,4752834,12831808,1745.40,4301,2019-10-31
⻑榮鳳凰酒店(礁溪),Others,231,6930,0.73,5662.00,28511503,20284523,56140545,4114.58,5036,2019-11-30
悅川酒店,Others,103,3193,0.79,3486.17,8806067,6185581,14991648,2757.93,2526,2019-10-31
圓山大飯店,Taipei,500,15500,0.82,3846.38,47368119,66249800,129002865,3157.87,12315,2019-12-31
台北君悅酒店,Taipei,850,25500,0.68,5750.68,100176825,99796970,230755935,3928.50,17420,2019-06-30
墾丁怡灣渡假酒店,Scenery,236,7316,0.46,3043.28,10347163,251500,10861653,1414.32,3400,2019-08-31
豪景大酒店,Taipei,209,6479,0.74,2056.90,9815542,728580,10835635,1514.98,4772,2019-07-31
台北凱撒⼤飯店,Taipei,478,14340,0.95,3908.00,53391788,17362141,75890700,3722.76,13661,2019-11-30
美麗信花園酒店,Taipei,203,6293,0.83,2190.03,11475741,6747141,24366100,1823.57,5240,2019-10-31
台糖⻑榮酒店(台南),Others,197,5910,0.84,2470.00,12320816,17583546,31404733,2084.68,4988,2019-04-30
美麗春天大飯店,Others,34,1020,0.42,2173.34,930189,181478,1111667,911.95,428,2019-06-30
新竹喜來登大飯店,Taoyuan-Hsinchu-Miaoli,386,11580,0.73,3948.89,33451065,52274242,94974430,2888.69,8471,2019-09-30
遠百企業觀光旅館,Others,40,1200,0.06,1000.00,70000,0,70000,58.33,70,2019-06-30
寒舍艾麗酒店,Taipei,234,6552,0.78,6386.00,32784291,19871379,58073536,5004.07,5134,2019-02-28
台南大員皇冠假日酒店,Others,231,7161,0.58,3210.76,13353565,15570249,31798716,1864.76,4159,2019-10-31
圓⼭⼤飯店,Taipei,500,14000,0.84,4271.00,50389369,57980978,117971425,3598.74,11797,2019-02-28
台北寒舍喜來登⼤飯店,Taipei,688,21328,0.74,4911.00,78030856,134053882,237219195,3658.20,15888,2019-01-31
香格里拉台北遠東國際大飯店,Taipei,420,13020,0.70,6196.59,56333217,57651454,130886457,4326.67,9091,2019-05-31
台北凱撒⼤飯店,Taipei,478,14340,0.86,3974.00,49042639,15766992,69589817,3420.42,12342,2019-04-30
台北寒舍喜來登大飯店,Taipei,688,21328,0.72,5094.48,78215599,98520110,198320079,3667.27,15353,2019-08-31
福華⼤飯店,Taipei,606,18786,0.50,3888.00,36630000,53403000,108355000,1949.83,9422,2019-01-31
台中福華⼤飯店,Taichung,155,4805,0.61,2762.00,8033352,17549113,29085683,1672.11,2909,2019-01-31
陽明山中國麗緻大飯店,Scenery,47,1457,0.51,4073.63,3026704,3048040,8414208,2077.35,743,2019-10-31
寒舍艾麗酒店,Taipei,235,7285,0.87,6405.17,39500673,20597297,66290653,5602.93,6167,2019-12-31
台糖⻑榮酒店(台南),Others,197,6107,0.82,2427.00,12207340,19989074,33706985,1998.63,5029,2019-03-31
⻑榮桂冠酒店(台中),Taichung,354,10974,0.79,2352.00,20454370,38703192,65314212,1863.96,8697,2019-01-31
老爺大酒店,Taipei,202,6060,0.91,4798.82,26499107,30082371,62909665,4372.79,5522,2019-09-30
瑞穗天合國際觀光酒店,Hualien,198,6138,0.51,5830.07,18271429,9378327,31825361,2976.77,3134,2019-05-31
北投老爺酒店,Taipei,50,1550,0.51,4729.73,3717564,2393203,7306386,2398.43,786,2019-05-31
陽明⼭中國麗緻⼤飯店,Scenery,47,1457,0.41,4107.00,2435336,2895831,7395880,1671.55,593,2019-03-31
遠雄悅來⼤飯店,Hualien,381,11811,0.30,3185.00,11388145,9913363,25326554,964.10,3575,2019-01-31
陸島酒店,Others,47,1410,0.29,1834.00,742885,61280,838165,526.72,405,2019-04-30
兄弟⼤飯店,Taipei,250,7750,0.65,3419.00,17128883,49027078,71350585,2210.38,5010,2019-01-31
天成大飯店,Taipei,225,6975,0.98,3213.68,21348446,24679575,48786819,3162.73,6643,2019-12-31
華園大飯店,Kaohsiung,269,8070,0.71,1363.56,7814586,3589312,11843388,968.35,5731,2019-09-30
老爺大酒店,Taipei,202,6262,0.92,4915.03,28335161,24658730,60628513,4524.94,5765,2019-05-31
悅川酒店,Others,103,3193,0.80,2480.00,6366423,7683675,14424478,1993.67,2567,2019-01-31
知本老爺大酒店,Scenery,182,5642,0.56,3373.30,10659632,6991971,20463578,1889.34,3160,2019-05-31
晶英國際行館,Kaohsiung,147,4557,0.46,6175.69,12425482,11618737,27061562,2817.57,2012,2019-12-31
遠百企業觀光旅館,Others,40,1200,0.06,1003.00,71200,0,71200,59.38,71,2019-11-30
第一大飯店,Taipei,176,5280,0.75,1532.05,6034727,3270092,28793907,1142.94,3939,2019-06-30
高雄國賓大飯店,Kaohsiung,453,14043,0.84,2000.81,23621546,38831572,64434614,1682.09,11806,2019-08-31
福容大飯店 高雄,Kaohsiung,250,7500,0.63,1648.10,7788938,11201842,19007548,1038.53,4726,2019-09-30
台糖長榮酒店(台南),Others,197,6107,0.76,2500.79,11653668,22748666,36282754,1908.25,4660,2019-10-31
新⽵國賓⼤飯店,Taoyuan-Hsinchu-Miaoli,257,7710,0.73,2960.00,16713693,26296972,47122805,2167.61,5646,2019-04-30
國聯⼤飯店,Taipei,243,6804,0.52,2264.00,8065985,1584030,10676735,1185.66,3563,2019-02-28
日勝生加賀屋國際溫泉飯店,Taipei,90,2790,0.50,6946.04,9717512,8312727,23114742,3482.98,1399,2019-10-31
北投麗禧溫泉酒店,Taipei,66,1980,0.49,12555.45,12304339,9966558,25423822,6214.31,980,2019-06-30
尊爵天際大飯店,Taoyuan-Hsinchu-Miaoli,250,7500,0.83,2183.14,13528926,26943863,41025339,1803.86,6197,2019-06-30
⼭泉⼤飯店,Others,167,5010,0.56,1725.00,4811356,890381,6001828,960.65,2790,2019-04-30
台北萬豪酒店,Taipei,318,9858,0.81,6590.00,52757134,103519897,188938852,5351.74,8006,2019-01-31
板橋凱撒大飯店,Others,400,12400,0.83,4003.22,41437312,9321859,50866330,3341.72,10351,2019-10-31
耐斯王子大飯店,Others,245,7350,0.74,1999.80,10890932,16714864,28834584,1481.76,5446,2019-06-30
台南⼤飯店,Others,152,4256,0.59,2626.00,6622201,12606257,20563127,1556.17,2522,2019-02-28
寒軒國際大飯店,Kaohsiung,380,11780,0.77,1970.92,17316540,18550114,37010350,1518.99,8786,2019-12-31
遠雄悅來大飯店,Hualien,381,11430,0.41,3066.36,14525358,16369587,35404816,1270.81,4737,2019-09-30
台中港酒店,Taichung,200,6200,0.66,2464.03,10033534,2500427,13668676,1618.31,4072,2019-05-31
知本老爺⼤酒店,Scenery,182,5460,0.72,3633.00,14200536,8570175,25831873,2600.86,3909,2019-04-30
神旺⼤飯店,Taipei,268,8308,0.88,2714.00,19733242,27893753,51527419,2375.56,7272,2019-03-31
亞都麗緻⼤飯店,Taipei,209,5852,0.61,4229.00,15148977,13604750,33656152,2588.57,3582,2019-02-28
台北君品⼤酒店,Taipei,286,8008,0.79,4925.00,31211666,50352692,85644142,3898.14,6338,2019-02-28
華王大飯店,Kaohsiung,297,9207,0.41,1258.82,4774694,2968336,7851351,518.59,3793,2019-05-31
香格里拉台南遠東國際大飯店,Others,333,10323,0.74,3533.26,27075370,22470289,55828094,2622.82,7663,2019-07-31
日勝生加賀屋國際溫泉飯店,Taipei,90,2790,0.59,4826.44,7987759,6484433,18783276,2863.00,1655,2019-08-31
鈺通大飯店,Others,120,3720,0.32,1624.32,1905324,3225323,5149454,512.18,1173,2019-07-31
Total,Total,29407,911617,0.62,3696.16,2081090218,2776803228,5447375783,2282.86,563041,2019-01-31
長榮鳳凰酒店(礁溪),Others,231,7161,0.85,5672.88,34570508,20540239,62440794,4827.61,6094,2019-08-31
幼獅大飯店,Others,55,1705,0.26,1536.94,653200,0,684400,395.88,425,2019-12-31
名都觀光渡假大飯店,Scenery,97,2910,0.57,1030.01,1703638,3103217,4919776,585.44,1654,2019-06-30
⾸都⼤飯店,Taipei,129,3870,0.66,2963.00,7596928,2911542,11167844,1962.99,2564,2019-11-30
日月行館,Scenery,92,2852,0.31,10057.54,9011554,1179880,10280081,3159.73,896,2019-10-31
日月行館,Scenery,92,2852,0.26,10009.42,7437000,2849302,10405387,2607.64,743,2019-07-31
國王大飯店,Taipei,97,3007,0.81,1490.81,3631602,1070762,4755767,1207.72,2436,2019-08-31
台北諾富特華航桃園機場飯店,Taoyuan-Hsinchu-Miaoli,516,15480,0.66,2735.89,27919801,22708563,55226223,1803.60,10205,2019-09-30
台北有園飯店,Taipei,56,1736,0.94,2549.82,4140906,351437,4712206,2385.31,1624,2019-05-31
香格里拉台北遠東國際大飯店,Taipei,420,13020,0.74,5992.03,57847077,66336312,141995795,4442.94,9654,2019-10-31
板橋凱撒大飯店,Others,400,12000,0.70,3711.47,31139200,8676788,39890828,2594.93,8390,2019-09-30
桃園喜來登酒店,Taoyuan-Hsinchu-Miaoli,187,5797,0.19,3132.99,3411828,8395554,13095863,588.55,1089,2019-07-31
陸島酒店,Others,47,1410,0.47,1621.53,1076699,101840,1200906,763.62,664,2019-06-30
礁溪老爺大酒店,Scenery,197,6107,0.82,7197.46,34871705,23938947,70043952,5900.46,4845,2019-12-31
台北諾富特華航桃園機場飯店,Taoyuan-Hsinchu-Miaoli,516,14448,0.66,2725.00,25892680,10194250,40526069,1792.23,9502,2019-02-28
亞都麗緻大飯店,Taipei,209,6479,0.71,4193.30,19280809,12369870,36967749,2975.89,4598,2019-05-31
裕元花園酒店,Taichung,149,4619,0.85,3300.99,13035623,27421480,45806191,2822.17,3949,2019-10-31
寒軒國際大飯店,Kaohsiung,380,11780,0.73,1885.13,16106570,14698223,31871052,1367.28,8544,2019-08-31
碧特弗大飯店,Others,54,1620,0.42,2151.76,1461043,136904,1597947,901.88,679,2019-06-30
亞士都飯店,Taipei,40,1240,0.46,2216.02,1263131,0,1263131,1018.65,570,2019-08-31
亞都麗緻⼤飯店,Taipei,209,6270,0.72,4149.00,18699041,9568511,32508217,2982.30,4507,2019-04-30
三德大飯店,Taipei,287,8610,0.32,1959.97,5354649,365600,8105035,621.91,2732,2019-09-30
全國大飯店,Taichung,178,5518,0.64,2012.82,7145518,12659738,22223662,1294.95,3550,2019-07-31
全國大飯店,Taichung,178,5518,0.71,2132.27,8305205,15244780,25815752,1505.11,3895,2019-10-31
尊爵天際大飯店,Taoyuan-Hsinchu-Miaoli,250,7750,0.77,2265.32,13528513,17156323,30976314,1745.61,5972,2019-07-31
台北寒舍艾美酒店,Taipei,160,4960,0.79,8075.94,31463866,44198007,88757360,6343.52,3896,2019-08-31
兄弟大飯店,Taipei,250,7750,0.72,3412.81,19173184,37654398,61264687,2473.96,5618,2019-10-31
南⽅莊園渡假飯店,Taoyuan-Hsinchu-Miaoli,111,3108,0.66,5566.00,11332849,14148674,30219651,3646.29,2036,2019-02-28
涵碧樓大飯店,Scenery,96,2976,0.80,14046.81,33614016,6729301,44334336,11295.03,2393,2019-10-31
陸島酒店,Others,47,1457,0.26,1840.00,690103,59840,768523,473.62,375,2019-03-31
台北華國大飯店,Taipei,326,10106,0.72,2736.70,20016196,8811626,30650348,1980.62,7314,2019-07-31
慶泰大飯店,Taipei,150,4650,0.88,2865.91,11285968,6987959,18816461,2507.99,3938,2019-12-31
麗尊⼤酒店,Kaohsiung,198,5940,0.72,2150.00,9156807,17411383,28268162,1541.55,4259,2019-04-30
香格⾥拉台南遠東國際⼤飯店,Others,333,9324,0.71,4655.00,30994956,24941856,62421598,3324.60,6659,2019-02-28
首都大飯店,Taipei,129,3999,0.76,3000.26,9114798,2402228,12170428,2279.27,3038,2019-05-31
太魯閣晶英酒店,Scenery,160,4960,0.56,6573.00,18331586,6727083,27886359,3696.00,2789,2019-03-31
台北華國⼤飯店,Taipei,326,10106,0.74,2813.00,21047425,21050756,44150940,2082.75,7482,2019-01-31
合尊酒店 S Hotel,Taipei,101,3131,0.73,3552.76,8132258,3925153,13306615,2597.34,2289,2019-08-31
台中金典酒店,Taichung,222,6660,0.69,2927.85,13473952,18651671,43996090,2023.12,4602,2019-09-30
晶英國際⾏館,Kaohsiung,147,4410,0.28,6613.00,8213034,9090552,20212847,1862.22,1242,2019-04-30
大億麗緻酒店,Others,315,9765,0.73,2615.04,18616445,23879291,47241582,1906.45,7119,2019-05-31
礁溪老爺⼤酒店,Scenery,193,5983,0.76,6428.00,29395548,21845099,60290427,4912.92,4573,2019-03-31
台北萬豪酒店,Taipei,318,9858,0.81,5745.17,45875188,63822998,145312027,4653.60,7985,2019-10-31
福華大飯店,Taipei,606,18786,0.64,3500.00,42126000,38866000,94578000,2242.41,12036,2019-07-31
福容大飯店 台北一館,Taipei,120,3720,0.72,3052.23,8204401,10235927,19662426,2205.48,2688,2019-05-31
知本老爺大酒店,Scenery,182,5460,0.60,3843.87,12654036,8078897,24000040,2317.59,3292,2019-09-30
台中港酒店,Taichung,200,6200,0.60,2707.18,10032813,3747326,14657735,1618.20,3706,2019-08-31
尊爵大飯店,Taoyuan-Hsinchu-Miaoli,231,7161,0.82,2231.53,13150423,12883111,27957487,1836.39,5893,2019-10-31
三德大飯店,Taipei,287,8897,0.42,1922.95,7241836,991201,11975299,813.96,3766,2019-08-31
寒軒國際⼤飯店,Kaohsiung,380,11400,0.77,1971.00,17316540,18550114,37010350,1519.05,8786,2019-11-30
六福客棧,Taipei,230,6900,0.68,1334.84,6235052,7725357,14420125,903.63,4671,2019-06-30
鈺通⼤飯店,Others,120,3600,0.34,1701.00,2084327,4819418,17825046,578.85,1225,2019-11-30
台中⾦典酒店,Taichung,222,6882,0.80,2987.00,16358344,28262669,56691313,2377.05,5477,2019-01-31
陸島酒店,Others,47,1410,0.37,1356.10,698390,81360,786100,495.31,515,2019-09-30
康華⼤飯店,Taipei,215,6450,0.69,2511.00,11201946,9290548,21260487,1736.61,4461,2019-04-30
老爺⼤酒店,Taipei,202,6262,0.96,5148.00,30790127,23582382,62049253,4916.85,5981,2019-03-31
台北寒舍喜來登大飯店,Taipei,688,21328,0.67,4939.60,71071000,99826926,191989563,3332.29,14388,2019-07-31
晶悅國際飯店,Taoyuan-Hsinchu-Miaoli,388,12028,0.63,1753.30,13307547,7301411,21945188,1106.38,7590,2019-10-31
台糖長榮酒店(台南),Others,197,5910,0.78,2365.14,10863089,25620252,37921966,1838.09,4593,2019-09-30
尊爵大飯店,Taoyuan-Hsinchu-Miaoli,231,6930,0.67,2165.27,10005693,13666742,24905435,1443.82,4621,2019-09-30
龍谷大飯店,Scenery,189,5859,0.14,1930.02,1598055,530488,2337180,272.75,828,2019-08-31
香格⾥拉台南遠東國際⼤飯店,Others,333,9990,0.72,3717.00,26737313,18589633,51577244,2676.61,7194,2019-04-30
老爺⼤酒店,Taipei,202,5656,0.91,4501.00,23254309,23978007,54132553,4111.21,5166,2019-02-28
板橋凱撒大飯店,Others,400,12000,0.70,3542.82,29671137,15158104,45029146,2472.59,8375,2019-06-30
國王大飯店,Taipei,97,3007,0.63,1600.73,3017370,774519,3844772,1003.45,1885,2019-05-31
遠雄悅來大飯店,Hualien,381,11430,0.58,3247.64,21661788,13265109,41413433,1895.17,6670,2019-06-30
⾼雄福華⼤飯店,Kaohsiung,271,8401,0.82,2270.00,15667377,26933808,46004923,1865.26,6903,2019-01-31
義大皇家酒店,Kaohsiung,656,20336,0.57,2622.00,29274630,21885491,53884863,1487.53,11165,2019-12-31
合尊酒店,Taipei,101,3131,0.77,4046.00,9705687,4100363,15263379,3100.05,2399,2019-03-31
阿⾥⼭賓館(新館),Scenery,102,2856,0.66,7664.00,14447402,6875106,22328564,5058.24,1885,2019-02-28
台北美福大飯店,Taipei,146,4380,0.59,6196.92,16142976,45308692,65626001,3685.61,2605,2019-09-30
台中福華大飯店,Taichung,155,4805,0.72,2720.60,9454078,9403753,21276616,1967.55,3475,2019-08-31
名都觀光渡假⼤飯店,Scenery,99,2772,0.56,1305.00,2023713,2935911,5026740,730.15,1551,2019-02-28
龍谷大飯店,Scenery,189,5859,0.38,1866.44,4040852,1455176,5815294,712.67,2165,2019-12-31
福容⼤飯店台北一館,Taipei,120,3600,0.68,3030.00,7388960,11284085,19929603,2052.83,2439,2019-11-30
天成⼤飯店,Taipei,225,6750,0.94,3023.00,19249270,17281311,38396277,2851.60,6367,2019-04-30
古華花園飯店,Taoyuan-Hsinchu-Miaoli,255,7650,0.90,2862.00,19634579,16704595,38441303,2566.93,6861,2019-11-30
樂樂日暉溫泉酒店,Others,48,1440,0.00,0.00,0,0,0,0.00,0,2019-06-30
義⼤皇家酒店,Kaohsiung,656,18368,0.55,3826.00,38929550,23640115,66083995,2119.60,10175,2019-02-28
六福客棧,Taipei,230,6900,0.84,1399.00,8109078,7917960,16481851,1175.02,5795,2019-11-30
大板根渡假酒店,Others,95,2945,0.83,4655.07,11386310,11744714,36038375,3866.32,2446,2019-07-31
台北君品⼤酒店,Taipei,286,8580,0.87,5021.00,37418374,54594858,96785492,4361.24,7453,2019-11-30
華泰王⼦⼤飯店,Taipei,213,6390,0.70,2796.00,12457926,7290588,22579152,1949.37,4455,2019-04-30
圓山大飯店,Taipei,500,15000,0.77,3589.12,41282107,59082934,115111639,2752.14,11502,2019-06-30
豐邑喜來登大飯店,Taoyuan-Hsinchu-Miaoli,384,11904,0.23,3847.17,10679731,4831827,16929670,897.15,2776,2019-10-31
陽明⼭中國麗緻⼤飯店,Scenery,47,1410,0.44,4169.00,2585045,2864170,7968442,1833.11,620,2019-11-30
麒麟⼤飯店,Others,167,5177,0.27,3311.00,4575503,1556864,6253428,883.71,1382,2019-01-31
國聯大飯店,Taipei,243,7533,0.63,2058.26,9735547,1283497,12197051,1292.39,4730,2019-07-31
香格⾥拉台北遠東國際⼤飯店,Taipei,420,13020,0.73,6085.00,57452160,70497048,145752253,4412.84,9442,2019-01-31
台北美福⼤飯店,Taipei,146,4380,0.74,6539.00,21127473,59729744,87061643,4823.82,3231,2019-11-30
美麗信花園酒店,Taipei,203,6090,0.86,2163.68,11346312,6367372,33855878,1863.11,5244,2019-06-30
晶華酒店,Taipei,538,16678,0.76,5659.00,71323172,212907208,340092294,4276.51,12604,2019-01-31
娜路彎大酒店,Others,276,8556,0.45,3220.27,12433459,9436799,26463617,1453.19,3861,2019-05-31
漢來大飯店,Kaohsiung,535,16585,0.77,2972.69,37851228,66119718,119220428,2282.26,12733,2019-08-31
麒麟⼤飯店,Others,167,5177,0.26,4940.00,6673945,1398490,8330309,1289.34,1351,2019-03-31
福容大飯店 福隆,Scenery,174,5394,0.31,3591.86,5869102,4612819,10638062,1124.35,1634,2019-12-31
趣淘漫旅,Scenery,198,6138,0.66,2739.60,10678958,3418213,15725108,1797.80,3898,2019-12-31
凱撒⼤飯店,Scenery,281,7868,0.95,5030.00,37776244,12795959,52684201,4801.14,7510,2019-02-28
美侖大飯店,Hualien,343,10633,0.63,1864.56,12554058,9316636,22507049,1180.67,6733,2019-05-31
第一⼤飯店,Taipei,176,4928,0.69,1647.00,5568822,2562781,27662334,1130.34,3382,2019-02-28
名都觀光渡假⼤飯店,Scenery,97,2910,0.77,906.00,2042341,3076772,5196567,701.79,2254,2019-04-30
君鴻國際酒店,Kaohsiung,585,18135,0.68,2189.33,26968129,23330850,60204241,1487.08,12318,2019-05-31
亞都麗緻⼤飯店,Taipei,209,6270,0.88,4219.00,23354477,14079187,42435408,3724.53,5535,2019-11-30
新⽵國賓⼤飯店,Taoyuan-Hsinchu-Miaoli,257,7196,0.78,3049.00,17029151,33978296,55794617,2366.94,5586,2019-02-28
北投老爺酒店,Taipei,50,1500,0.63,5204.00,4907545,2412385,8441159,3271.75,943,2019-04-30
墾丁怡灣渡假酒店,Scenery,240,7440,0.19,2543.24,3672433,455740,4282563,493.61,1444,2019-05-31
台中港酒店,Taichung,200,6000,0.59,2610.80,9294433,3379735,13613615,1549.07,3560,2019-09-30
亞士都飯店,Taipei,40,1240,0.39,2315.57,1109160,0,1109160,894.48,479,2019-07-31
板橋凱撒大飯店,Others,400,12400,0.90,3960.17,44227137,13588822,57916667,3566.70,11168,2019-08-31
美侖⼤飯店,Hualien,343,10290,0.56,2091.00,12024212,12176793,24916437,1168.66,5751,2019-11-30
國聯⼤飯店,Taipei,243,7290,0.67,2283.00,11176185,1149253,13525645,1533.03,4895,2019-04-30
全國⼤飯店,Taichung,178,5518,0.59,2267.00,7331283,21281130,32551212,1328.69,3234,2019-01-31
晶華酒店,Taipei,538,16678,0.87,5811.17,84418912,135434068,275731329,5061.69,14527,2019-08-31
⾼雄圓⼭⼤飯店,Scenery,107,3317,0.66,2248.00,4902741,11101210,16731735,1478.06,2181,2019-03-31
台東桂田喜來登酒店,Others,290,8990,0.41,2360.00,8779209,12326170,21794152,976.55,3720,2019-05-31
新竹國賓大飯店,Taoyuan-Hsinchu-Miaoli,257,7967,0.83,2939.06,18695366,35836992,59596438,2424.82,6361,2019-12-31
⻑榮桂冠酒店(基隆),Others,140,4340,0.74,2533.00,8174406,4349940,15325889,1883.29,3227,2019-01-31
美侖大飯店,Hualien,343,10633,0.80,2510.13,21388799,10588471,33401886,2011.55,8521,2019-08-31
圓⼭⼤飯店,Taipei,500,15000,0.79,4049.00,48018312,47856327,109087678,3201.14,11859,2019-04-30
晶華酒店,Taipei,538,16678,0.80,5780.48,76839870,144388236,289409876,4607.26,13293,2019-05-31
國聯大飯店,Taipei,243,7290,0.55,2018.25,8157747,967510,10083660,1119.03,4042,2019-09-30
龍⾕⼤飯店,Scenery,186,5766,0.34,2198.00,4253802,628484,5200076,737.65,1935,2019-01-31
福容大飯店 桃園,Taoyuan-Hsinchu-Miaoli,182,5642,0.85,1873.20,8989473,7700910,17143124,1593.31,4799,2019-10-31
義華酒店,Taipei,149,4619,0.20,4806.00,4373460,159789,8506744,946.78,910,2019-01-31
長榮桂冠酒店(台中),Taichung,354,10974,0.83,2251.13,19879720,26168736,51832896,1871.91,8831,2019-12-31
桃園喜來登酒店,Taoyuan-Hsinchu-Miaoli,187,5797,0.40,2749.39,6100897,8691035,16159453,1087.50,2219,2019-12-31
台南⼤員皇冠假⽇酒店,Others,231,6930,0.56,3110.00,12158891,15680516,30646250,1754.35,3909,2019-11-30
神旺⼤飯店,Taipei,268,8308,0.81,2693.00,18046184,39770271,62600710,2171.90,6700,2019-01-31
福容⼤飯店林⼝,Taoyuan-Hsinchu-Miaoli,149,4470,0.91,1823.00,7394814,4875612,12284011,1654.55,4057,2019-11-30
台北華國大飯店,Taipei,326,10106,0.75,3025.66,23067614,9039233,33987748,2282.57,7624,2019-10-31
寒軒國際大飯店,Kaohsiung,380,11780,0.76,1811.42,16291914,14779456,32361494,1383.01,8994,2019-07-31
蘭城晶英酒店,Others,193,5983,0.79,8686.73,39854705,34871737,84464422,6883.37,4588,2019-12-31
福容大飯店 淡水漁人碼頭,Others,198,6138,0.58,4185.80,14838662,15881371,32715870,2417.51,3545,2019-10-31
首都大飯店,Taipei,129,3999,0.66,2962.92,7596928,2911542,11167844,1963.03,2564,2019-12-31
香格里拉台南遠東國際大飯店,Others,331,10261,0.79,3468.33,27313078,29269563,63931877,2750.56,7875,2019-12-31
台北有園飯店,Taipei,56,1736,0.87,2586.70,3918849,426295,4451018,2257.40,1515,2019-07-31
慶泰大飯店,Taipei,150,4500,0.77,2751.63,9484857,5475006,15487472,2107.75,3447,2019-06-30
康華⼤飯店,Taipei,215,6665,0.73,2550.00,12490850,10822461,24085355,1874.00,4898,2019-03-31
樂樂日暉溫泉酒店,Others,48,1488,0.00,0.00,0,0,0,0.00,0,2019-08-31
長榮桂冠酒店(基隆),Others,140,4200,0.80,2461.90,8294131,6126966,17964154,1974.79,3369,2019-09-30
福容⼤飯店福隆,Scenery,174,5220,0.32,4488.00,7557057,4695784,12564927,1447.83,1684,2019-04-30
雲品溫泉酒店日月潭,Scenery,211,6541,0.86,7598.13,41478188,24423793,70662485,6552.64,5459,2019-12-31
首都大飯店,Taipei,129,3999,0.75,3157.22,9477972,1124329,11221126,2370.09,3002,2019-08-31
西華大飯店,Taipei,343,10633,0.81,4344.10,37298451,17582339,59998868,3507.80,8586,2019-10-31
台北花園⼤酒店,Taipei,241,7230,0.96,2318.00,16058417,24425305,44237504,2221.11,6928,2019-11-30
老爺大酒店,Taipei,202,6262,0.96,4746.54,28635848,23166447,57877085,4572.96,6033,2019-08-31
義華酒店,Taipei,149,4470,0.47,3698.00,7729450,138014,9384897,1729.18,2090,2019-11-30
香格⾥拉台南遠東國際⼤飯店,Others,333,10323,0.63,3602.00,23505124,31885650,62271375,2277.18,6526,2019-01-31
大板根渡假酒店,Others,95,2945,0.85,4716.00,11794720,13190321,41240539,4005.00,2501,2019-08-31
義華酒店,Taipei,149,4619,0.28,4040.00,5179280,155842,8504417,1121.30,1282,2019-07-31
兄弟大飯店,Taipei,250,7750,0.61,3406.38,16190515,41551998,62490482,2089.10,4753,2019-08-31
合尊酒店 S Hotel,Taipei,101,3131,0.73,3850.73,8833576,3344963,13476128,2821.33,2294,2019-10-31
板橋凱撒大飯店,Others,400,12400,0.72,3471.05,31131865,16604428,47853053,2510.63,8969,2019-05-31
東方渡假酒店,Scenery,112,3472,0.25,2568.32,2208759,2038745,4247504,636.16,860,2019-05-31
⾼雄福華⼤飯店,Kaohsiung,271,7588,0.86,2868.00,18695425,23655934,45854684,2463.90,6519,2019-02-28
台東桂田喜來登酒店,Others,278,8618,0.63,2926.07,15979254,15580390,32302136,1854.17,5461,2019-07-31
福容大飯店 福隆,Scenery,174,5394,0.37,4945.31,9801606,7232569,17597806,1817.13,1982,2019-05-31
義⼤皇家酒店,Kaohsiung,656,19680,0.57,2622.00,29274630,21885491,53884863,1487.46,11165,2019-11-30
台南⼤員皇冠假⽇酒店,Others,231,7161,0.48,3079.00,10551225,19765079,33147691,1473.61,3427,2019-01-31
太魯閣晶英酒店,Scenery,160,4800,0.66,7353.00,23309648,7737846,34568291,4855.92,3170,2019-04-30
⼤板根渡假酒店,Others,95,2945,0.83,4611.00,11265386,11360278,36675859,3824.82,2443,2019-03-31
漢來大飯店,Kaohsiung,535,16585,0.86,3015.06,41553597,70384885,130354952,2589.01,13782,2019-12-31
寶華大飯店,Others,78,2418,0.38,1460.36,1344996,27360,1374356,556.24,921,2019-10-31
台北有園飯店,Taipei,56,1680,0.83,2528.93,3515211,452465,4104695,2092.39,1390,2019-06-30
義華酒店,Taipei,149,4619,0.44,3536.00,7128576,153994,8560442,1543.32,2016,2019-05-31
國王⼤飯店,Taipei,97,3007,0.64,1711.00,3304886,858943,4255097,1099.32,1932,2019-01-31
馥藝金鬱金香酒店,Taoyuan-Hsinchu-Miaoli,191,5730,0.59,1773.41,5987020,3391628,9503118,1044.86,3376,2019-09-30
歐華酒店,Taipei,112,3472,0.71,2978.00,7331476,6204188,15058531,2111.70,2462,2019-03-31
馥藝金鬱金香酒店,Taoyuan-Hsinchu-Miaoli,191,5921,0.78,1823.44,8386015,4052115,12676700,1416.32,4599,2019-08-31
龍谷大飯店,Scenery,189,5859,0.19,1866.63,2027162,1171657,3511118,345.99,1086,2019-05-31
台東桂田喜來登酒店,Others,278,8618,0.55,3119.40,14654944,13028838,28406123,1700.50,4698,2019-08-31
海灣藝術酒店,Taichung,228,6840,0.35,1447.48,3502905,761654,4458202,512.12,2420,2019-06-30
大板根渡假酒店,Others,95,2945,0.83,4710.22,11502346,12767767,40143015,3905.72,2442,2019-10-31
凱撒⼤飯店,Scenery,281,8430,0.92,4543.00,35311627,12335888,49855003,4188.19,7772,2019-04-30
悅川酒店,Others,103,3193,0.78,4035.44,10064393,6426123,16490516,3152.02,2494,2019-07-31
晶悅國際飯店,Taoyuan-Hsinchu-Miaoli,388,11640,0.62,1669.23,12050161,4880279,17825642,1035.24,7219,2019-06-30
福容⼤飯店福隆,Scenery,174,4872,0.28,5521.00,7519118,4562661,12250440,1543.67,1362,2019-02-28
悅川酒店,Others,103,3090,0.77,2751.00,6576543,6144744,13122667,2128.72,2391,2019-04-30
⾼雄福華⼤飯店,Kaohsiung,271,8401,0.85,2086.00,14931381,18517668,36848623,1777.27,7158,2019-03-31
瑞穗春天國際觀光酒店,Hualien,198,5544,0.27,9670.00,14215399,6282870,23048683,2564.48,1470,2019-02-28
晶悅國際飯店,Taoyuan-Hsinchu-Miaoli,388,12028,0.55,1679.83,11080179,4527135,16532595,921.20,6596,2019-07-31
華王⼤飯店,Kaohsiung,297,9207,0.34,1389.00,4401376,3462012,8163524,477.95,3168,2019-01-31
台北華國大飯店,Taipei,326,10106,0.84,3104.18,25652929,10356386,37893932,2623.00,8264,2019-12-31
雲品溫泉酒店⽇⽉潭,Scenery,211,6541,0.69,7533.00,33964595,21037809,58795738,5192.50,4509,2019-03-31
阿⾥⼭賓館(新館),Scenery,104,3120,0.85,5256.00,13943371,7941088,22349639,4469.18,2653,2019-11-30
高雄國賓大飯店,Kaohsiung,453,13590,0.74,2013.34,20115292,39117253,60955303,1480.15,9991,2019-09-30
遠雄悅來大飯店,Hualien,381,11811,0.65,3648.16,28130979,17295006,54224314,2381.76,7711,2019-08-31
碧特弗大飯店,Others,54,1674,0.29,2422.84,1177498,169005,1346503,703.40,486,2019-10-31
長榮鳳凰酒店(礁溪),Others,231,6930,0.62,5315.10,22971856,17921007,46816980,3314.84,4322,2019-09-30
北投老爺酒店,Taipei,50,1550,0.46,4683.95,3311550,2716646,6779063,2136.48,707,2019-08-31
幼獅⼤飯店,Others,55,1650,0.18,1673.00,498630,0,522250,302.14,298,2019-04-30
華王大飯店,Kaohsiung,297,9207,0.29,1442.66,3896621,1639294,5543305,423.22,2701,2019-07-31
⻑榮桂冠酒店(基隆),Others,140,4200,0.82,2424.00,8317685,5034616,16157022,1980.65,3432,2019-04-30
第一⼤飯店,Taipei,176,5456,0.87,1571.00,7493216,2905892,29926320,1373.53,4770,2019-03-31
北投老爺酒店,Taipei,50,1550,0.57,5451.00,4824194,2481526,8555966,3112.52,885,2019-03-31
娜路彎大酒店,Others,276,8556,0.51,3429.65,14967011,13077575,37281193,1749.30,4364,2019-10-31
⽇⽉⾏館,Scenery,92,2852,0.27,10026.00,7580000,2151604,9795453,2657.89,756,2019-03-31
麗尊大酒店,Kaohsiung,198,6138,0.73,2180.21,9834917,14886894,26040126,1602.30,4511,2019-07-31
涵碧樓⼤飯店,Scenery,96,2880,0.77,13584.00,30305454,2572544,35485870,10523.52,2231,2019-04-30
神旺大飯店,Taipei,268,8040,0.79,1959.77,12424935,25792551,41098099,1545.39,6340,2019-09-30
神旺⼤飯店,Taipei,268,8040,0.89,2591.00,18467829,24831511,47366754,2296.66,7127,2019-04-30
台糖長榮酒店(台南),Others,197,6107,0.75,2755.01,12604161,17942375,31701210,2063.89,4575,2019-08-31
墾丁福華渡假飯店,Scenery,458,14198,0.75,4239.03,44980387,12449226,59107813,3168.08,10611,2019-08-31
康華⼤飯店,Taipei,215,6665,0.57,2385.00,9014250,12762226,22871071,1352.30,3779,2019-01-31
合尊酒店 S Hotel,Taipei,101,3131,0.80,3738.66,9084942,4017067,14475527,2998.33,2430,2019-12-31
桃園喜來登酒店,Taoyuan-Hsinchu-Miaoli,187,5610,0.15,1077.18,924221,5258179,6739601,164.75,858,2019-06-30
義華酒店,Taipei,149,4172,0.13,4677.00,2548800,141700,8491235,610.82,545,2019-02-28
福容大飯店 桃園,Taoyuan-Hsinchu-Miaoli,182,5642,0.75,1914.49,8098295,4129879,12691003,1435.36,4230,2019-05-31
天成大飯店,Taipei,225,6975,0.92,3051.08,19594049,19438514,41302830,2809.18,6422,2019-05-31
花蓮亞士都飯店,Hualien,167,5177,0.37,883.72,1710000,540000,2259024,330.31,1935,2019-05-31
豐⾢喜來登⼤飯店,Taoyuan-Hsinchu-Miaoli,384,11520,0.20,3739.00,8565424,4499049,14220433,743.69,2291,2019-04-30
陸島酒店,Others,47,1457,0.13,1713.00,335725,27040,390773,230.40,196,2019-01-31
鈺通⼤飯店,Others,120,3600,0.51,1810.00,3331263,3874212,7205475,925.09,1840,2019-04-30
北投麗禧溫泉酒店,Taipei,66,1848,0.79,15706.00,22852417,10491240,41302965,12365.33,1455,2019-02-28
台北美福⼤飯店,Taipei,146,4088,0.55,6498.00,14535043,51027946,70483231,3555.71,2237,2019-02-28
天成大飯店,Taipei,226,6780,0.93,2904.16,18374600,30119526,51097640,2710.12,6327,2019-09-30
遠雄悅來⼤飯店,Hualien,381,11430,0.37,32742.00,139842550,9598721,153865800,12235.69,4271,2019-04-30
晶華酒店,Taipei,538,16140,0.84,5648.00,76355459,116408352,241225495,4731.33,13520,2019-04-30
瑞穗天合國際觀光酒店,Hualien,198,5940,0.51,6424.00,19309537,9488834,33034998,3251.19,3006,2019-04-30
國王⼤飯店,Taipei,97,2910,0.63,1624.00,2960928,736263,3787611,1017.44,1823,2019-04-30
悅川酒店,Others,103,2884,0.65,3339.00,6298056,7054549,13895071,2183.71,1886,2019-02-28
台北W飯店,Taipei,405,11340,0.69,8770.00,69110599,40223633,125456712,6094.27,7880,2019-02-28
台中港酒店,Taichung,200,6000,0.76,2539.30,11563982,3056741,15888125,1927.33,4554,2019-06-30
墾丁福華渡假飯店,Scenery,458,12824,0.68,3829.00,33325067,9759382,45938393,2598.74,8704,2019-02-28
涵碧樓大飯店,Scenery,96,2880,0.81,14010.80,32673197,4873090,40526119,11344.86,2332,2019-06-30
阿里山賓館,Scenery,35,1085,0.52,5259.43,2855871,0,2855871,2719.88,543,2019-12-31
瑞穗天合國際觀光酒店,Hualien,198,6138,0.65,8022.99,31939543,13801420,51931329,5203.57,3981,2019-07-31
涵碧樓大飯店,Scenery,96,2976,0.80,13912.80,32096841,6523537,41867390,11144.74,2307,2019-12-31
長榮桂冠酒店(台中),Taichung,354,10974,0.76,2209.20,18508695,25648673,49028592,1686.60,8378,2019-08-31
新竹喜來登大飯店,Taoyuan-Hsinchu-Miaoli,386,11580,0.86,3693.01,36671585,41657207,88632734,3166.80,9930,2019-06-30
礁溪老爺大酒店,Scenery,197,5910,0.72,6460.19,27636684,22251502,58899697,4676.26,4278,2019-09-30
天成⼤飯店,Taipei,225,6975,0.94,3035.00,19955503,51064293,76558510,2861.09,6575,2019-01-31
合尊酒店 S Hotel,Taipei,101,3131,0.81,3987.28,10075865,4203829,15784706,3218.10,2527,2019-05-31
豪景大酒店,Taipei,209,6479,0.75,2086.32,9872462,1194972,11330922,1574.56,4732,2019-12-31
礁溪老爺大酒店,Scenery,197,6107,0.81,6608.84,32726973,23117589,66372822,5358.93,4952,2019-10-31
知本老爺⼤酒店,Scenery,182,5642,0.78,3940.00,17392567,11044735,32602932,3082.26,4414,2019-01-31
台南大飯店,Others,152,4712,0.75,2007.81,6910890,11026906,19487936,1515.55,3442,2019-12-31
尊爵天際大飯店,Taoyuan-Hsinchu-Miaoli,250,7750,0.82,2301.58,14714024,22229983,37287588,1898.58,6393,2019-08-31
福容⼤飯店福隆,Scenery,174,5394,0.15,3757.00,3103290,3114512,6330322,575.20,826,2019-01-31
太魯閣晶英酒店,Scenery,160,4800,0.76,7085.00,25853944,8938223,38627128,5386.02,3649,2019-11-30
台北君品大酒店,Taipei,286,8866,0.76,4690.62,31502189,52759755,88515610,3553.15,6716,2019-07-31
尊爵天際⼤飯店,Taoyuan-Hsinchu-Miaoli,250,7750,0.80,2260.00,13976085,31216482,45878276,1803.03,6183,2019-01-31
天成大飯店,Taipei,225,6975,0.96,3135.90,20969751,27919306,51975689,3006.42,6687,2019-10-31
凱撒大飯店,Scenery,281,8430,0.89,5167.55,38947851,7254245,48328758,4620.15,7537,2019-09-30
墾丁怡灣渡假酒店,Scenery,175,5425,0.16,2970.00,2563517,1159770,3776842,472.53,863,2019-01-31
美麗春天⼤飯店,Others,34,1054,0.49,2100.00,1085721,136644,1222365,1030.05,517,2019-03-31
花蓮亞士都飯店,Hualien,167,5177,0.42,1082.22,2285645,1290327,3590972,456.22,2112,2019-12-31
福容⼤飯店福隆,Scenery,174,5394,0.25,4216.00,5594269,3237351,9287309,1037.14,1327,2019-03-31
名都觀光渡假大飯店,Scenery,97,3007,0.62,877.28,1647529,3166669,4924879,547.90,1878,2019-07-31
日月行館,Scenery,92,2852,0.18,10465.78,5505001,1697639,7463408,1930.22,526,2019-05-31
六福客棧,Taipei,226,7006,0.95,1314.00,8728838,6884350,16207790,1245.93,6643,2019-03-31
華泰王子大飯店,Taipei,216,6696,0.75,2953.52,14755803,9424576,26442325,2203.67,4996,2019-10-31
趣淘漫旅,Scenery,198,5940,0.66,2740.00,10678958,3418213,15725108,1797.99,3898,2019-11-30
台東桂田喜來登酒店,Others,278,8618,0.49,2618.08,10592745,14165667,25531251,1270.11,4046,2019-12-31
太魯閣晶英酒店,Scenery,160,4960,0.63,6294.85,19772133,7507547,30121270,3986.32,3141,2019-05-31
新⽵國賓⼤飯店,Taoyuan-Hsinchu-Miaoli,257,7967,0.82,2980.00,19502491,32670541,57082966,2448.07,6545,2019-03-31
花蓮翰品酒店,Hualien,197,5516,0.63,3511.00,12249681,10422458,23572345,2220.71,3489,2019-02-28
北投老爺酒店,Taipei,50,1550,0.63,5669.98,5386482,3306981,10162805,3590.99,950,2019-12-31
蘭城晶英酒店,Others,193,5790,0.72,9352.64,39084697,33070270,82682844,6750.38,4179,2019-06-30
板橋凱撒⼤飯店,Others,400,12000,0.71,3530.00,30165569,13775239,44072178,2513.71,8545,2019-04-30
桃禧航空城酒店,Taoyuan-Hsinchu-Miaoli,187,5797,0.55,2576.00,8219319,15695322,25133602,1418.09,3191,2019-01-31
台北君品⼤酒店,Taipei,286,8580,0.85,5058.00,36834757,45588011,86392466,4293.23,7283,2019-04-30
豐邑喜來登大飯店,Taoyuan-Hsinchu-Miaoli,384,11904,0.29,3178.97,10795769,5080993,17305967,906.90,3396,2019-08-31
三德大飯店,Taipei,287,8897,0.59,1965.98,10262398,5069080,17648766,1153.47,5220,2019-05-31
凱撒⼤飯店,Scenery,281,8711,0.85,3441.00,25485035,10770424,37991771,2925.54,7406,2019-01-31
麗尊大酒店,Kaohsiung,198,6138,0.62,2175.14,8343844,18893656,28421566,1359.38,3836,2019-10-31
名都觀光渡假⼤飯店,Scenery,99,3069,0.44,1252.00,1693404,2536885,4308103,552.01,1353,2019-01-31
義大皇家酒店,Kaohsiung,656,20336,0.55,2817.00,31285602,21395027,55772308,1538.43,11106,2019-10-31
台北寒舍喜來登大飯店,Taipei,688,20640,0.62,5157.81,66293326,126285944,212963640,3211.89,12853,2019-09-30
台北凱撒大飯店,Taipei,478,14340,0.85,3460.58,41969869,21931613,66893863,2926.77,12128,2019-06-30
長榮桂冠酒店(台中),Taichung,354,10620,0.59,2249.64,14055779,56917328,75766592,1323.52,6248,2019-09-30
台北W飯店,Taipei,405,12555,0.89,9113.90,102221539,57481570,179859995,8141.90,11216,2019-05-31
義⼤皇家酒店,Kaohsiung,656,19680,0.55,2856.00,31093272,20014086,53776122,1579.94,10887,2019-04-30
國聯⼤飯店,Taipei,243,7290,0.70,2374.00,12131282,1929905,15573253,1664.17,5110,2019-11-30
馥藝金鬱金香酒店,Taoyuan-Hsinchu-Miaoli,191,5730,0.69,1806.76,7136687,4939760,12528562,1245.50,3950,2019-06-30
日月行館,Scenery,92,2852,0.34,10000.00,9500000,2690498,12151172,3442.03,950,2019-12-31
古華花園飯店,Taoyuan-Hsinchu-Miaoli,255,7140,0.75,3058.00,16396241,15112959,33393281,2295.95,5361,2019-02-28
福容大飯店 林口,Taoyuan-Hsinchu-Miaoli,149,4619,0.91,1822.73,7394814,4875612,12284011,1654.32,4057,2019-12-31
台北花園⼤酒店,Taipei,241,6748,0.93,2428.00,15236822,22113461,40740489,2257.80,6275,2019-02-28
長榮鳳凰酒店(礁溪),Others,231,7161,0.58,5262.46,21676092,23410573,52978162,3026.96,4119,2019-05-31
台北美福大飯店,Taipei,146,4526,0.60,6450.74,17468603,52532431,75784108,3859.61,2708,2019-10-31
國賓大飯店,Taipei,316,9480,0.61,3715.07,21651415,76404453,104372337,2283.90,5828,2019-06-30
碧特弗⼤飯店,Others,54,1674,0.49,2085.00,1705335,103083,1808418,1018.73,818,2019-03-31
和昇帝景飯店,Others,60,1680,0.46,2542.00,1960237,3000,1963237,1166.52,771,2019-02-28
山泉大飯店,Others,146,4526,0.77,2062.48,7231072,946698,8608179,1597.67,3506,2019-10-31
南方莊園渡假飯店,Taoyuan-Hsinchu-Miaoli,111,3441,0.77,4142.50,11002492,9830925,26363197,3197.47,2656,2019-08-31
大億麗緻酒店,Others,315,9765,0.63,3163.59,19459234,27618128,53192191,1992.75,6151,2019-08-31
澎湖福朋喜來登酒店,Others,331,9930,0.80,3108.02,24581330,21666331,51065847,2475.46,7909,2019-06-30
三德⼤飯店,Taipei,258,7224,0.57,2198.00,9085066,5960519,16289744,1257.92,4134,2019-02-28
和昇帝景飯店,Others,60,1860,0.45,2528.51,2121421,6000,2127421,1140.55,839,2019-07-31
高雄福華大飯店,Kaohsiung,271,8401,0.80,2143.00,14460964,18250036,35898979,1721.34,6748,2019-08-31
趣淘漫旅,Scenery,198,6138,0.67,3032.08,12519464,6008509,20823993,2039.67,4129,2019-07-31
福容⼤飯店林⼝,Taoyuan-Hsinchu-Miaoli,149,4172,0.60,2430.00,6057768,4630653,10739154,1452.17,2493,2019-02-28
知本老爺大酒店,Scenery,182,5642,0.84,3619.09,16665893,10270287,30823210,3052.36,4605,2019-12-31
第一大飯店,Taipei,176,5456,0.75,1629.27,6468208,4632265,30711270,1225.04,3970,2019-12-31
礁溪老爺⼤酒店,Scenery,193,5983,0.78,7110.00,33174780,23312359,68066015,5545.09,4666,2019-01-31
墾丁福華渡假飯店,Scenery,458,14198,0.73,4539.48,47169692,12544175,64680819,3322.28,10391,2019-07-31
龍⾕⼤飯店,Scenery,189,5292,0.23,2915.00,3556901,935721,4901556,671.91,1220,2019-02-28
台北花園大酒店,Taipei,241,7471,0.94,2309.37,16158670,24187165,44389668,2162.85,6997,2019-10-31
香格里拉台南遠東國際大飯店,Others,331,10261,0.76,3646.30,28375528,26498420,61809951,2765.38,7782,2019-10-31
高雄國賓大飯店,Kaohsiung,453,14043,0.89,1959.91,24538051,37183058,63694888,1747.35,12520,2019-07-31
北投麗禧溫泉酒店,Taipei,66,1980,0.46,12951.07,11850226,6985565,24082937,5984.96,915,2019-09-30
馥藝⾦鬱⾦香酒店,Taoyuan-Hsinchu-Miaoli,191,5730,0.61,1955.00,6818683,4075223,11091916,1190.01,3488,2019-04-30
福容大飯店 福隆,Scenery,174,5394,0.54,5377.64,15756479,9944081,26360391,2921.11,2930,2019-08-31
娜路彎⼤酒店,Others,276,8280,0.52,3234.00,13817200,12591208,33940872,1668.42,4272,2019-11-30
台北萬豪酒店,Taipei,318,9540,0.97,6072.00,56395505,81186247,180005322,5911.70,9288,2019-11-30
⾼雄國賓⼤飯店,Kaohsiung,453,12684,0.86,2414.00,26208443,47136339,76775829,2066.14,10856,2019-02-28
尊爵⼤飯店,Taoyuan-Hsinchu-Miaoli,231,7161,0.89,2176.00,13841399,11358243,26876428,1933.16,6362,2019-03-31
北投麗禧溫泉酒店,Taipei,66,2046,0.74,14369.00,21884592,10309699,40193798,10696.28,1523,2019-01-31
⼤板根渡假酒店,Others,95,2850,0.86,4705.00,11518781,16318512,46545953,4041.12,2448,2019-11-30
名都觀光渡假⼤飯店,Scenery,97,3007,0.84,915.00,2316370,3123398,5547006,770.16,2531,2019-03-31
耐斯王子大飯店,Others,245,7595,0.70,2041.77,10827487,14931665,26925124,1425.61,5303,2019-05-31
麒麟⼤飯店,Others,167,5010,0.29,2225.00,3188158,1281370,4740396,636.35,1433,2019-04-30
南方莊園渡假飯店,Taoyuan-Hsinchu-Miaoli,111,3330,0.73,4442.52,10857521,11387866,27191919,3260.52,2444,2019-06-30
豐邑喜來登大飯店,Taoyuan-Hsinchu-Miaoli,384,11904,0.21,3767.99,9250404,5661671,16231865,777.08,2455,2019-05-31
台東桂田喜來登酒店,Others,278,8618,0.47,2777.95,11186811,13225652,25156923,1298.08,4027,2019-10-31
南方莊園渡假飯店,Taoyuan-Hsinchu-Miaoli,111,3441,0.61,4256.12,8886778,13787195,28682583,2582.61,2088,2019-10-31
洛碁⼤飯店花華本館,Taipei,112,3360,0.85,1807.00,5132981,0,5132981,1527.28,2840,2019-04-30
台北寒舍喜來登大飯店,Taipei,688,20640,0.65,4918.59,66056633,110634062,197695611,3200.42,13430,2019-06-30
君鴻國際酒店,Kaohsiung,585,17550,0.64,2237.00,25023481,19626759,54027511,1425.86,11187,2019-04-30
新⽵喜來登⼤飯店,Taoyuan-Hsinchu-Miaoli,386,11580,0.95,3606.00,39479147,45190677,95711807,3408.75,10947,2019-11-30
台糖長榮酒店(台南),Others,197,6107,0.86,2550.42,13422871,19188398,34780258,2197.95,5263,2019-07-31
台北君悅酒店,Taipei,850,26350,0.67,5532.04,97684842,82875373,204355241,3707.20,17658,2019-07-31
漢來⼤飯店,Kaohsiung,535,16050,0.86,3015.00,41553597,70384885,130354952,2588.98,13782,2019-11-30
花蓮翰品酒店,Hualien,197,6107,0.70,2173.61,9040035,11878924,21825145,1529.62,4159,2019-12-31
台中金典酒店,Taichung,222,6882,0.86,2872.06,16373623,23014195,54559824,2458.50,5701,2019-12-31
墾丁福華渡假飯店,Scenery,458,13740,0.62,3067.45,26303371,9415171,37425740,1914.36,8575,2019-09-30
老爺⼤酒店,Taipei,202,6060,0.94,4839.00,27442862,20067727,54495818,4528.34,5671,2019-04-30
三德⼤飯店,Taipei,257,7967,0.75,1906.00,11428418,5283430,18112766,1434.65,5997,2019-01-31
晶悅國際飯店(原桃園⼤飯店),Taoyuan-Hsinchu-Miaoli,388,12028,0.53,1673.00,10583954,9057050,20901659,879.83,6326,2019-01-31
板橋凱撒⼤飯店,Others,400,12400,0.72,3432.00,30626725,13569794,45202547,2470.01,8924,2019-03-31
台南大飯店,Others,152,4712,0.52,2053.45,5014523,9185166,15594445,1064.20,2442,2019-08-31
綠舞國際觀光飯店,Others,104,3224,0.34,5998.46,6664287,2998452,10649377,2067.09,1111,2019-07-31
名都觀光渡假大飯店,Scenery,97,3007,0.65,1065.96,2097800,3645340,5826254,697.64,1968,2019-08-31
歐華酒店,Taipei,112,3360,0.61,2991.00,6175971,4765579,12167293,1838.27,2065,2019-04-30
合尊酒店,Taipei,101,3131,0.81,3979.00,10067463,5606763,17327700,3215.03,2530,2019-01-31
台中福華⼤飯店,Taichung,155,4650,0.71,2594.00,8608356,12078917,23614597,1851.60,3319,2019-11-30
福容大飯店 台北一館,Taipei,120,3720,0.67,2980.35,7382324,8793164,17190234,1984.50,2477,2019-08-31
高雄福華大飯店,Kaohsiung,271,8401,0.75,2092.49,13105278,19554085,35672468,1559.97,6263,2019-05-31
麗尊大酒店,Kaohsiung,198,6138,0.65,2165.06,8677567,15947539,26356259,1413.75,4008,2019-05-31
台北君品大酒店,Taipei,286,8866,0.84,4746.68,35486189,46543798,85615913,4002.50,7476,2019-08-31
台中福華大飯店,Taichung,155,4650,0.70,2589.59,8444666,11378058,22496291,1816.06,3261,2019-06-30
瑞穗天合國際觀光酒店,Hualien,198,6138,0.59,8218.99,29900677,12977706,48853358,4871.40,3638,2019-08-31
阿里山賓館(新館),Scenery,102,3060,0.67,5286.90,10795845,6431919,18305715,3528.05,2042,2019-06-30
裕元花園酒店,Taichung,149,4470,0.88,3142.00,12393232,26948486,44521125,2772.19,3944,2019-11-30
六福客棧,Taipei,230,7130,0.71,1333.64,6750902,8060049,15281833,946.83,5062,2019-05-31
台北W飯店,Taipei,405,12555,0.82,8782.07,90007388,50855651,159722696,7169.05,10249,2019-10-31
台北華國⼤飯店,Taipei,326,9780,0.82,3081.00,24720379,7719544,34209508,2527.34,8023,2019-04-30
台北中山雅樂軒酒店,Taipei,88,2640,0.82,4221.46,9164782,752866,11095952,3471.51,2171,2019-06-30
瓏⼭林台北中和飯店,Others,126,3906,0.41,2688.00,4314355,2306756,7972735,1104.50,1605,2019-03-31
趣淘漫旅,Scenery,198,6138,0.37,2490.93,5651915,3462854,10550554,920.81,2269,2019-05-31
福容⼤飯店淡⽔漁⼈碼頭,Others,198,6138,0.34,4128.00,8504148,17404341,27601069,1385.36,2060,2019-01-31
漢來大飯店,Kaohsiung,535,16585,0.73,2860.21,34702940,67395454,116452894,2092.43,12133,2019-05-31
⼭泉⼤飯店,Others,167,5177,0.41,2145.00,4581453,51549,4876844,885.03,2136,2019-03-31
神旺大飯店,Taipei,268,8308,0.84,2397.61,16826397,25660303,45908035,2025.32,7018,2019-10-31
美侖⼤飯店,Hualien,343,9604,0.66,2820.00,17812466,9731885,28694618,1854.43,6316,2019-02-28
晶華酒店,Taipei,538,16678,0.78,5387.85,70139059,129791107,257851379,4205.48,13018,2019-07-31
耐斯王⼦⼤飯店,Others,245,7350,0.64,2298.00,10733805,15346833,27316230,1460.15,4670,2019-11-30
澎湖福朋喜來登酒店,Others,331,10261,0.42,1911.00,8170608,12736579,23940467,796.31,4276,2019-03-31
華泰王⼦⼤飯店,Taipei,206,6386,0.68,2824.00,12230583,15831900,31645486,1915.24,4331,2019-01-31
花蓮翰品酒店,Hualien,197,6107,0.64,2202.00,8586366,12161583,21812823,1405.76,3899,2019-01-31
康華⼤飯店,Taipei,215,6450,0.80,2542.00,13173737,13340689,27166621,2042.24,5182,2019-11-30
豪景大酒店,Taipei,209,6479,0.75,2058.59,9951200,406655,10646768,1535.92,4834,2019-05-31
樂樂日暉溫泉酒店,Others,48,1488,0.22,2356.38,751685,0,751685,522.00,319,2019-12-31
寶華⼤飯店,Others,78,2340,0.08,1642.00,295633,0,297633,126.27,180,2019-11-30
碧特弗大飯店,Others,54,1674,0.32,2247.78,1222790,170098,1392888,730.46,544,2019-07-31
花蓮亞士都飯店,Hualien,167,5177,0.40,1362.79,2791000,1570000,4379567,539.12,2048,2019-08-31
第一大飯店,Taipei,176,5456,0.77,1556.68,6510030,3217254,29332683,1193.19,4182,2019-05-31
西華大飯店,Taipei,343,10633,0.76,4275.12,34645584,19946397,59412788,3258.31,8104,2019-08-31
台北萬豪酒店,Taipei,318,9858,0.86,5812.00,49291804,63150812,148000316,5000.06,8481,2019-03-31
Total,Total,28848,894288,0.68,3741.82,2269886684,1951876986,4759848514,2538.21,606626,2019-07-31
瑞穗春天國際觀光酒店,Hualien,198,6138,0.16,5649.00,5400488,3129713,9861841,880.11,956,2019-01-31
⻑榮鳳凰酒店(礁溪),Others,231,7161,0.78,5740.00,32039266,25618429,66856826,4474.33,5582,2019-01-31
麗尊大酒店,Kaohsiung,198,5940,0.54,2190.33,7050661,15843521,24085256,1186.98,3219,2019-09-30
幼獅⼤飯店,Others,55,1540,0.21,2261.00,723560,0,759760,469.84,320,2019-02-28
台北W飯店,Taipei,405,12150,0.84,8605.13,87669107,46107847,151135404,7215.56,10188,2019-06-30
康華大飯店,Taipei,215,6665,0.66,2237.35,9830915,10265512,20915621,1475.01,4394,2019-07-31
礁溪老爺大酒店,Scenery,193,5790,0.66,6630.48,25195823,19453067,53893981,4351.61,3800,2019-06-30
福容⼤飯店⾼雄,Kaohsiung,250,7000,0.61,2614.00,11168247,4773114,15953361,1595.59,4273,2019-02-28
長榮鳳凰酒店(礁溪),Others,231,7161,0.73,5661.54,28511503,20284523,56140545,4114.21,5036,2019-12-31
阿里山賓館(新館),Scenery,104,3120,0.62,5294.47,10160081,5732314,16143775,3256.44,1919,2019-09-30
裕元花園酒店,Taichung,149,4619,0.63,3129.33,9078179,27573504,41168954,1965.40,2901,2019-05-31
南⽅莊園渡假飯店,Taoyuan-Hsinchu-Miaoli,111,3441,0.51,3993.00,6987349,11027164,23146345,2030.84,1750,2019-03-31
美侖⼤飯店,Hualien,343,10633,0.57,1965.00,11987558,9789172,22284687,1127.71,6102,2019-01-31
尊爵大飯店,Taoyuan-Hsinchu-Miaoli,231,7161,0.74,2315.01,12195451,15418336,29394202,1703.04,5268,2019-08-31
台北凱撒大飯店,Taipei,478,14818,0.97,3972.83,57081649,15758034,75285865,3852.18,14368,2019-08-31
寶華⼤飯店,Others,78,2418,0.06,1205.00,189176,0,191176,78.20,157,2019-03-31
台北萬豪酒店,Taipei,318,8904,0.69,5309.00,32452471,55729987,108448706,3644.63,6113,2019-02-28
阿⾥⼭賓館(新館),Scenery,102,3162,0.57,5455.00,9840118,5654286,15885907,3112.08,1804,2019-01-31
六福客棧,Taipei,226,7006,0.69,1365.00,6584555,6383551,14218405,939.67,4823,2019-01-31
台北君悅酒店,Taipei,850,26350,0.82,6300.60,136571806,115003326,282688571,5182.99,21676,2019-10-31
鈺通⼤飯店,Others,120,3720,0.34,1999.00,2520436,5018248,7552185,677.66,1261,2019-03-31
兄弟⼤飯店,Taipei,250,7500,0.84,3401.00,21321104,40567714,66890993,2842.90,6269,2019-11-30
洛碁大飯店花華本館,Taipei,112,3472,0.91,1863.03,5885318,0,5885318,1695.08,3159,2019-08-31
合尊酒店,Taipei,101,3030,0.80,3739.00,9084942,4017067,14475527,2998.68,2430,2019-11-30
台北有園飯店,Taipei,56,1680,0.90,2499.00,3775317,328701,4290604,2247.60,1511,2019-04-30
美麗信花園酒店,Taipei,203,6090,0.83,2077.85,10516004,6291881,22775175,1726.77,5061,2019-09-30
台中福華⼤飯店,Taichung,155,4650,0.68,2675.00,8444434,8222736,19379714,1816.06,3157,2019-04-30
台東桂⽥喜來登酒店,Others,290,8990,0.35,3154.00,10061710,10215377,21098349,1119.04,3190,2019-01-31
台北君悅酒店,Taipei,850,23800,0.64,5900.00,89621179,88011793,200654919,3765.38,15190,2019-02-28
知本老爺⼤酒店,Scenery,182,5642,0.73,3577.00,14745176,8589155,26759367,2613.36,4122,2019-03-31
板橋凱撒⼤飯店,Others,400,11200,0.59,3800.00,25099286,16369993,42821434,2240.86,6605,2019-02-28
⻑榮桂冠酒店(台中),Taichung,354,10620,0.83,2251.00,19879720,26168736,51832896,1871.71,8831,2019-11-30
趣淘漫旅,Scenery,198,5940,0.46,3080.28,8344474,2655573,12389488,1404.79,2709,2019-09-30
寒舍艾麗酒店,Taipei,235,7285,0.80,6275.29,36497108,14541734,56546095,5009.90,5816,2019-08-31
寶華⼤飯店,Others,78,2418,0.00,583.00,3500,0,5500,1.46,6,2019-01-31
福容⼤飯店台北一館,Taipei,120,3720,0.73,3171.00,8608221,10062479,19850209,2314.20,2715,2019-03-31
耐斯王子大飯店,Others,245,7595,0.60,2293.17,10447698,14450733,26191027,1375.60,4556,2019-08-31
樂樂日暉溫泉酒店,Others,48,1440,0.21,2343.78,700790,0,700790,486.66,299,2019-09-30
福容大飯店 台北一館,Taipei,120,3600,0.52,2999.30,5662669,9075468,15959929,1572.96,1888,2019-09-30
雲品溫泉酒店日月潭,Scenery,211,6541,0.70,7379.16,33789193,21473497,58843392,5165.75,4579,2019-05-31
圓⼭⼤飯店,Taipei,500,15500,0.83,3939.00,50453170,53289489,117062082,3254.80,12808,2019-03-31
海灣藝術酒店,Taichung,228,7068,0.46,1358.00,4399046,744235,5279160,622.37,3239,2019-03-31
凱撒大飯店,Scenery,281,8711,0.89,5193.69,40116040,6761692,49049280,4605.22,7724,2019-10-31
台南⼤飯店,Others,152,4560,0.63,2108.00,6008810,5930229,12740480,1317.50,2850,2019-04-30
太魯閣晶英酒店,Scenery,160,4960,0.76,7085.21,25853944,8938223,38627128,5386.24,3649,2019-12-31
亞士都飯店,Taipei,40,1240,0.50,2231.37,1332128,0,1332128,1110.11,597,2019-12-31
華王大飯店,Kaohsiung,297,8910,0.23,1498.79,3080011,990798,4100818,345.68,2055,2019-09-30
寒軒國際大飯店,Kaohsiung,380,11780,0.69,1821.70,14803105,12653944,28756146,1256.63,8126,2019-05-31
尊爵天際⼤飯店,Taoyuan-Hsinchu-Miaoli,250,7500,0.84,2188.00,13841486,30070354,44294720,1845.58,6326,2019-04-30
新⽵老爺⼤酒店,Taoyuan-Hsinchu-Miaoli,208,5824,0.59,3246.00,11174562,12294782,24591905,1919.04,3443,2019-02-28
亞都麗緻大飯店,Taipei,209,6479,0.88,4219.42,23354477,14079187,42435408,3724.80,5535,2019-12-31
漢來⼤飯店,Kaohsiung,535,14980,0.69,3611.00,37322192,76196057,147597319,2491.23,10335,2019-02-28
國聯大飯店,Taipei,243,7533,0.72,2074.64,11207203,1084170,13603131,1487.75,5402,2019-10-31
台南大員皇冠假日酒店,Others,231,6930,0.64,3050.79,13502789,16174668,32793725,1948.45,4426,2019-06-30
尊爵天際⼤飯店,Taoyuan-Hsinchu-Miaoli,250,7000,0.77,2175.00,11690899,22595589,35100584,1669.75,5374,2019-02-28
瑞穗天合國際觀光酒店,Hualien,198,5940,0.61,6812.00,24605434,12266839,42159372,4142.38,3612,2019-11-30
Total,Total,28367,879377,0.71,3774.54,2361239677,2327790894,5281911196,2685.13,625571,2019-12-31
台北諾富特華航桃園機場飯店,Taoyuan-Hsinchu-Miaoli,516,15996,0.69,2840.71,31222204,12680148,49069926,1951.88,10991,2019-08-31
慶泰大飯店,Taipei,150,4650,0.83,2606.58,10024918,5950690,16501977,2155.90,3846,2019-07-31
麗尊大酒店,Kaohsiung,198,6138,0.61,2220.18,7979333,20053602,29231187,1343.32,3594,2019-12-31
台北有園飯店,Taipei,56,1736,0.79,2653.08,3655949,356903,4093748,2105.96,1378,2019-10-31
北投老爺酒店,Taipei,50,1550,0.43,4961.85,3314514,1980463,6090598,2138.40,668,2019-07-31
晶悅國際飯店,Taoyuan-Hsinchu-Miaoli,388,12028,0.71,1811.51,15578993,9950645,27085756,1295.23,8600,2019-08-31
天成大飯店,Taipei,225,6975,0.92,2984.74,19200815,18118687,39397749,2752.81,6433,2019-07-31
歐華酒店,Taipei,112,3472,0.48,3145.89,5197018,5956011,12210432,1496.84,1652,2019-08-31
福容⼤飯店桃園,Taoyuan-Hsinchu-Miaoli,182,5460,0.85,1744.00,8114895,2799109,11346152,1486.24,4653,2019-04-30
板橋凱撒⼤飯店,Others,400,12000,0.80,4050.00,38794223,9043316,47924051,3232.71,9578,2019-11-30
福容大飯店 淡水漁人碼頭,Others,198,6138,0.44,3917.45,10620207,14515820,26887153,1730.24,2711,2019-05-31
國賓大飯店,Taipei,316,9796,0.70,3972.27,27396771,76734868,111188510,2796.73,6897,2019-05-31
福容大飯店 林口,Taoyuan-Hsinchu-Miaoli,149,4470,0.70,2064.31,6420010,2498508,8960262,1436.24,3110,2019-09-30
台北花園大酒店,Taipei,241,7230,0.88,2076.02,13180660,19585072,36006915,1823.05,6349,2019-09-30
君鴻國際酒店,Kaohsiung,585,18135,0.53,2526.00,24460377,33896625,70736283,1348.63,9682,2019-01-31
義⼤皇家酒店,Kaohsiung,656,20336,0.52,2838.00,30221862,28932153,62934921,1486.26,10649,2019-01-31
陸島酒店,Others,47,1457,0.46,1636.96,1085304,102000,1206554,744.89,663,2019-07-31
⼤板根渡假酒店,Others,95,2850,0.87,4312.00,10668027,11249352,34734342,3743.25,2474,2019-04-30
北投老爺酒店,Taipei,50,1500,0.49,4743.82,3462990,3122101,7471553,2308.66,730,2019-09-30
古華花園飯店,Taoyuan-Hsinchu-Miaoli,255,7905,0.88,2915.98,20359351,17622108,40140416,2575.50,6982,2019-07-31
瓏山林台北中和飯店,Others,126,3906,0.34,2520.72,3370198,2546976,6816299,862.83,1337,2019-08-31
台北寒舍艾美酒店,Taipei,160,4800,0.83,9063.11,36288698,63106130,115083377,7560.15,4004,2019-06-30
幼獅⼤飯店,Others,55,1650,0.26,1537.00,653200,0,684400,395.93,425,2019-11-30
老爺大酒店,Taipei,202,6262,0.91,4991.70,28582451,24227037,59369911,4564.43,5726,2019-10-31
悅川酒店,Others,103,3193,0.67,2730.00,5818284,5697805,11866928,1822.00,2131,2019-03-31
雲品溫泉酒店⽇⽉潭,Scenery,211,6330,0.77,7775.00,38056178,21512189,63815094,6012.41,4895,2019-04-30
遠百企業觀光旅館,Others,40,1200,0.07,1007.59,79600,0,79600,66.33,79,2019-09-30
北投老爺酒店,Taipei,50,1550,0.68,6004.00,6369744,2872010,10662682,4109.74,1061,2019-01-31
麒麟大飯店,Others,167,5177,0.47,4125.68,9744848,3357169,13362841,1945.08,2362,2019-12-31
義大皇家酒店,Kaohsiung,656,20336,0.70,2966.00,42004492,25179097,71206922,2065.52,14162,2019-07-31
⾼雄圓⼭⼤飯店,Scenery,107,2996,0.70,3193.00,6654440,10159385,17704031,2221.05,2084,2019-02-28
太魯閣晶英酒店,Scenery,160,4960,0.71,8617.59,30239123,9136145,44048127,6096.60,3509,2019-08-31
美麗春天大飯店,Others,34,1054,0.30,2258.40,724947,81189,806136,687.81,321,2019-08-31
亞⼠都飯店,Taipei,40,1200,0.50,2231.00,1332128,0,1332128,1109.92,597,2019-11-30
新竹老爺大酒店,Taoyuan-Hsinchu-Miaoli,208,6448,0.69,2984.12,13282331,12115945,26598511,2059.91,4451,2019-10-31
大億麗緻酒店,Others,315,9765,0.78,3062.87,22539662,30386954,58976860,2385.15,7359,2019-12-31
裕元花園酒店,Taichung,149,4470,0.78,3077.26,10736575,24837857,40334557,2401.92,3489,2019-09-30
台北W飯店,Taipei,405,12555,0.91,8921.37,98795290,62894435,181867020,8131.30,11074,2019-12-31
涵碧樓⼤飯店,Scenery,96,2688,0.85,15343.00,35058098,3870922,42871994,13043.08,2285,2019-02-28
義華酒店,Taipei,149,4470,0.30,4009.69,5449175,142708,8156665,1219.05,1359,2019-09-30
福容大飯店 福隆,Scenery,174,5394,0.62,5619.36,18746173,9864354,29487384,3475.38,3336,2019-07-31
豪景大酒店,Taipei,209,6270,0.70,2080.00,9085426,1484687,10858755,1449.03,4368,2019-06-30
山泉大飯店,Others,167,5010,0.40,2098.17,4229917,108481,4566735,844.29,2016,2019-06-30
寒軒國際⼤飯店,Kaohsiung,380,10640,0.73,2405.00,18749025,21061241,40940265,1762.14,7796,2019-02-28
台北華國⼤飯店,Taipei,326,9780,0.85,3104.00,25652929,10356386,37893932,2622.88,8264,2019-11-30
知本老爺大酒店,Scenery,182,5460,0.59,3817.97,12362603,7877907,23550688,2264.21,3238,2019-06-30
知本老爺大酒店,Scenery,182,5642,0.72,4227.13,17288955,10362771,31576149,3064.33,4090,2019-08-31
⻑榮鳳凰酒店(礁溪),Others,231,6468,0.67,8008.00,34504467,18706631,60595313,5334.93,4309,2019-02-28
綠舞國際觀光飯店,Others,104,3224,0.31,5582.50,5448519,4142233,10629404,1746.32,976,2019-12-31
台北寒舍艾美酒店,Taipei,160,4960,0.83,9582.50,39451151,66157126,122037523,7953.86,4117,2019-05-31
香格里拉台南遠東國際大飯店,Others,333,10323,0.70,3568.31,25920211,31799227,64275227,2510.92,7264,2019-05-31
台南⼤員皇冠假⽇酒店,Others,231,6930,0.48,3199.00,10575437,7982642,21144816,1526.24,3306,2019-04-30
墾丁福華渡假飯店,Scenery,458,14198,0.62,3187.17,27996115,9936027,39736992,1971.84,8784,2019-10-31
陸島酒店,Others,47,1457,0.44,1915.66,1227938,101520,1367258,842.79,641,2019-05-31
樂樂⽇暉溫泉酒店,Others,0,0,0.00,0.00,0,0,0,0.00,0,2019-03-31
高雄國賓大飯店,Kaohsiung,453,14043,0.87,2000.58,23776904,43242187,69260190,1749.59,11885,2019-12-31
台北諾富特華航桃園機場飯店,Taoyuan-Hsinchu-Miaoli,516,15480,0.79,2733.00,33322713,24130904,62870335,2152.78,12193,2019-11-30
悅川酒店,Others,103,3090,0.80,3337.84,8284513,6378116,14662629,2681.07,2482,2019-06-30
碧特弗大飯店,Others,54,1674,0.31,2228.32,1138670,61247,1199917,680.21,511,2019-08-31
礁溪老爺大酒店,Scenery,193,5983,0.82,6882.68,33587454,23968955,69660251,5613.81,4880,2019-07-31
台北寒舍喜來登⼤飯店,Taipei,688,20640,0.86,5235.00,93064414,118326902,235210659,4508.38,17776,2019-11-30
台北W飯店,Taipei,405,12555,0.85,8155.37,86659009,50044761,153952443,6902.35,10626,2019-08-31
北投麗禧溫泉酒店,Taipei,66,2046,0.59,14140.00,17010763,8830493,32138492,8314.32,1203,2019-03-31
裕元花園酒店,Taichung,149,4619,0.84,3236.00,12599357,25205253,42725462,2727.95,3894,2019-03-31
海灣藝術酒店,Taichung,226,7006,0.43,1415.63,4118068,1439641,5718413,607.38,2909,2019-12-31
遠百企業觀光旅館,Others,40,1120,0.07,1011.00,74800,0,74800,66.83,74,2019-02-28
桃園喜來登酒店,Taoyuan-Hsinchu-Miaoli,187,5610,0.08,1882.00,818560,2356282,3445794,145.86,435,2019-04-30
鈺通大飯店,Others,120,3720,0.34,1701.49,2084327,4819418,6934103,578.98,1225,2019-12-31
阿里山賓館,Scenery,35,1050,0.38,5500.49,2211197,0,2211197,2105.90,402,2019-06-30
亞都麗緻大飯店,Taipei,209,6479,0.79,4202.79,21476232,14380385,40872517,3314.74,5110,2019-10-31
古華花園飯店,Taoyuan-Hsinchu-Miaoli,255,7905,0.73,2900.00,16777747,18290731,37005643,2122.51,5786,2019-01-31
墾丁怡灣渡假酒店,Scenery,236,7316,0.23,2518.57,4092670,424935,4591601,578.06,1625,2019-12-31
寒舍艾麗酒店,Taipei,234,7254,0.82,6471.00,38305964,26908305,71895499,5280.98,5920,2019-01-31
台中福華大飯店,Taichung,155,4805,0.70,2622.17,8865552,8223871,19834918,1845.07,3381,2019-07-31
長榮鳳凰酒店(礁溪),Others,231,6930,0.63,5535.23,24050576,19739336,50138211,3470.50,4345,2019-06-30
日勝生加賀屋國際溫泉飯店,Taipei,90,2790,0.49,5489.14,7531105,6622492,17870559,2699.32,1372,2019-05-31
大板根渡假酒店,Others,95,2945,0.86,4705.38,11518781,16318512,46545953,4041.68,2448,2019-12-31
福華⼤飯店,Taipei,606,18786,0.79,3910.00,58368000,40239000,116824000,3107.28,14929,2019-03-31
台北花園⼤酒店,Taipei,241,7471,0.92,2183.00,14961381,23214367,41798830,2002.68,6854,2019-03-31
西華大飯店,Taipei,343,10290,0.68,4284.98,29999135,17203924,52101699,2915.37,7001,2019-06-30
馥藝⾦鬱⾦香酒店,Taoyuan-Hsinchu-Miaoli,191,5730,0.55,2090.00,6538768,5144229,12018715,1140.93,3128,2019-11-30
蘭城晶英酒店,Others,193,5983,0.90,9723.54,52448762,44453974,108392410,8766.30,5394,2019-08-31
福容大飯店 淡水漁人碼頭,Others,198,5940,0.49,3878.63,11174319,13628962,26727809,1881.20,2881,2019-09-30
寒舍艾麗酒店,Taipei,235,7050,0.69,6022.69,29294344,22072001,56495532,4155.23,4864,2019-09-30
綠舞國際觀光飯店,Others,104,3224,0.24,4963.79,3807230,3436587,8297101,1180.90,767,2019-05-31
墾丁福華渡假飯店,Scenery,458,14198,0.57,2520.00,20361583,10060458,32192317,1434.38,8081,2019-03-31
北投麗禧溫泉酒店,Taipei,66,2046,0.75,13615.70,20219309,10857408,39677305,10211.77,1485,2019-12-31
⻑榮鳳凰酒店(礁溪),Others,231,7161,0.60,5552.00,23752805,15503922,45892524,3316.76,4278,2019-03-31
老爺大酒店,Taipei,202,6262,0.90,4519.35,25421332,20960974,52918728,4059.62,5625,2019-07-31
尊爵⼤飯店,Taoyuan-Hsinchu-Miaoli,231,6930,0.87,2199.00,13188983,13654399,28824670,1903.01,5997,2019-11-30
美麗信花園酒店,Taipei,203,6090,0.90,2319.00,12722287,7522839,26819470,2088.72,5485,2019-11-30
新竹國賓大飯店,Taoyuan-Hsinchu-Miaoli,257,7710,0.73,2956.07,16746111,33324585,54428256,2172.00,5665,2019-09-30
高雄圓山大飯店,Scenery,107,3210,0.39,2415.90,3044039,7197310,11762012,948.30,1260,2019-09-30
陽明山中國麗緻大飯店,Scenery,47,1457,0.44,4169.43,2585045,2864170,7968442,1833.37,620,2019-12-31
花蓮翰品酒店,Hualien,197,6107,0.84,2998.20,15434724,11096053,27470076,2527.38,5148,2019-07-31
娜路彎⼤酒店,Others,276,8280,0.61,3520.00,17866253,11080811,33985269,2157.76,5076,2019-04-30
台北君品⼤酒店,Taipei,286,8866,0.86,4918.00,37674677,54575840,96883556,4249.15,7660,2019-03-31
慶泰大飯店,Taipei,150,4650,0.83,2903.23,11191970,5748398,17493795,2406.88,3855,2019-10-31
福容大飯店 高雄,Kaohsiung,250,7750,0.73,1703.99,9663333,302908,9986770,1246.88,5671,2019-10-31
國賓⼤飯店,Taipei,422,12660,0.70,3947.00,34889303,65307831,106694543,2755.80,8839,2019-04-30
娜路彎⼤酒店,Others,276,8556,0.69,3380.00,19809707,13129138,35975584,2315.30,5861,2019-01-31
⻄華⼤飯店,Taipei,343,9604,0.69,4190.00,27600113,19313097,51328405,2873.92,6587,2019-02-28
遠百企業觀光旅館,Others,40,1240,0.06,1008.22,73600,0,73600,59.35,73,2019-05-31
台北華國⼤飯店,Taipei,326,10106,0.84,3099.00,26333424,8834557,36981336,2605.95,8498,2019-03-31
台北萬豪酒店,Taipei,318,9540,0.80,5661.00,43233057,57488174,137958580,4531.77,7637,2019-09-30
義⼤皇家酒店,Kaohsiung,656,20336,0.43,2803.00,24672006,25605247,52989188,1213.14,8802,2019-03-31
桃園喜來登酒店,Taoyuan-Hsinchu-Miaoli,187,5610,0.13,2989.83,2215467,6788944,9564636,394.91,741,2019-09-30
新⽵國賓⼤飯店,Taoyuan-Hsinchu-Miaoli,257,7967,0.79,3109.00,19609569,46419243,72007548,2461.08,6307,2019-01-31
台北W飯店,Taipei,405,12555,0.82,8468.00,87487377,67696006,175014977,6968.32,10332,2019-01-31
國王⼤飯店,Taipei,97,2910,0.75,1523.00,3304898,950386,4314495,1135.70,2170,2019-11-30
知本老爺⼤酒店,Scenery,182,5096,0.81,5100.00,21053031,10962745,37091228,4131.00,4128,2019-02-28
台中港酒店,Taichung,200,6200,0.60,2565.00,9608159,2091403,12641675,1549.77,3746,2019-03-31
雲品溫泉酒店日月潭,Scenery,211,6541,0.79,7918.43,41065002,22881146,68506468,6278.09,5186,2019-10-31
台中港酒店,Taichung,200,6000,0.59,2612.00,9247710,1661044,11655643,1541.60,3541,2019-04-30
美麗信花園酒店,Taipei,203,6293,0.90,2052.77,11631018,6374586,24495246,1848.25,5666,2019-07-31
台南大員皇冠假日酒店,Others,231,6930,0.54,3034.90,11323221,15665544,29913086,1633.94,3731,2019-09-30
蘭城晶英酒店,Others,193,5790,0.79,8687.00,39854705,34871737,84464422,6883.58,4588,2019-11-30
台東桂田喜來登酒店,Others,278,8340,0.41,2927.99,10034233,11751578,22395148,1203.15,3427,2019-09-30
台北君品大酒店,Taipei,286,8580,0.75,4812.35,31155164,56144068,92174040,3631.14,6474,2019-06-30
晶悅國際飯店,Taoyuan-Hsinchu-Miaoli,383,11490,0.68,1679.00,13170211,7059436,21311146,1146.09,7843,2019-11-30
歐華酒店,Taipei,112,3360,0.66,2920.00,6444949,6164469,14050614,1917.86,2207,2019-11-30
福華大飯店,Taipei,606,18786,0.73,3577.16,49211000,36321000,99445000,2619.56,13757,2019-08-31
Total,Total,29417,911927,0.69,3608.87,2270931477,2125867674,4969167735,2490.26,629263,2019-03-31
龍谷大飯店,Scenery,189,5670,0.27,1625.61,2527819,1351395,4241880,445.82,1555,2019-09-30
兄弟大飯店,Taipei,250,7750,0.84,3401.04,21321104,40567714,66890993,2842.81,6269,2019-12-31
兄弟大飯店,Taipei,250,7750,0.68,3521.13,18612711,42579562,65835281,2401.64,5286,2019-05-31
阿里山賓館,Scenery,35,1085,0.31,6696.75,2243412,0,2243412,2067.66,335,2019-08-31
台中福華大飯店,Taichung,155,4650,0.70,2596.87,8406080,10681441,22130709,1807.76,3237,2019-09-30
趣淘漫旅,Scenery,198,6138,0.35,2693.00,5793148,3432522,10474153,943.63,2151,2019-03-31
康華大飯店,Taipei,215,6665,0.80,2542.21,13173737,13340689,27166621,2042.44,5182,2019-12-31
Total,Total,28669,888739,0.68,3768.60,2290039989,2155662722,5025593512,2576.73,607664,2019-10-31
三德⼤飯店,Taipei,255,7905,0.68,2150.00,11564597,4469411,18557480,1462.65,5378,2019-03-31
北投老爺酒店,Taipei,50,1500,0.45,5003.49,3387362,2109264,6208276,2258.24,677,2019-06-30
長榮桂冠酒店(基隆),Others,140,4340,0.86,2517.45,9125765,5833658,17825046,2172.80,3625,2019-12-31
新竹喜來登大飯店,Taoyuan-Hsinchu-Miaoli,386,11966,0.93,3847.17,42718927,50355541,104790164,3570.03,11104,2019-10-31
新⽵國賓⼤飯店,Taoyuan-Hsinchu-Miaoli,257,7710,0.83,2939.00,18695366,35836992,59596438,2424.67,6361,2019-11-30
⾼雄國賓⼤飯店,Kaohsiung,453,13590,0.87,2001.00,23776904,43242187,69260190,1749.87,11885,2019-11-30
樂樂日暉溫泉酒店,Others,48,1488,0.24,2538.34,913801,0,913801,614.11,360,2019-10-31
台北君悅酒店,Taipei,850,26350,0.79,7708.01,160357522,122631032,316436234,6085.67,20804,2019-05-31
福容⼤飯店桃園,Taoyuan-Hsinchu-Miaoli,182,5460,0.85,1627.00,7550824,4412869,12522108,1382.62,4640,2019-11-30
⻑榮鳳凰酒店(礁溪),Others,231,6930,0.60,5788.00,24255906,16711059,47651931,3500.58,4191,2019-04-30
豐⾢喜來登⼤飯店,Taoyuan-Hsinchu-Miaoli,384,11520,0.24,4808.00,13159715,4435867,19198189,1142.38,2737,2019-11-30
台北寒舍艾美酒店,Taipei,160,4800,0.78,9041.00,33840981,49392989,97470097,7050.17,3743,2019-04-30
台南大員皇冠假日酒店,Others,231,7161,0.56,3110.49,12158891,15680516,30646250,1754.53,3909,2019-12-31
台北中⼭雅樂軒酒店,Taipei,88,2640,0.93,4102.00,10048753,638193,11901182,3806.66,2450,2019-04-30
台北華國大飯店,Taipei,326,9780,0.76,2838.84,20964848,10429936,33061914,2143.64,7385,2019-09-30
台南⼤飯店,Others,152,4712,0.64,2017.00,6050772,7907973,14966131,1284.22,3000,2019-03-31
台中港酒店,Taichung,200,6000,0.56,2597.00,8667085,2649427,12160471,1444.45,3337,2019-11-30
第一大飯店,Taipei,176,5456,0.72,1589.55,6280296,3056058,28810293,1151.08,3951,2019-10-31
綠舞國際觀光飯店,Others,105,3255,0.23,5195.00,3859683,2575673,7697731,1186.02,743,2019-01-31
福容⼤飯店桃園,Taoyuan-Hsinchu-Miaoli,182,5642,0.90,1842.00,9369881,3753085,13782881,1660.75,5087,2019-03-31
台北凱撒大飯店,Taipei,478,14818,0.85,3603.93,45409480,20172774,71072130,3064.48,12600,2019-05-31
台北萬豪酒店,Taipei,318,9540,0.76,5933.37,43230533,64385149,141469035,4531.50,7286,2019-06-30
老爺⼤酒店,Taipei,202,6060,0.96,5220.00,30323574,26326859,63468953,5003.89,5809,2019-11-30
福容大飯店 台北一館,Taipei,120,3720,0.55,3028.81,6190886,11081760,18524900,1664.22,2044,2019-10-31
晶華酒店,Taipei,538,15064,0.80,5159.00,61955928,131291779,242352670,4113.27,12010,2019-02-28
馥藝⾦鬱⾦香酒店,Taoyuan-Hsinchu-Miaoli,191,5348,0.62,2148.00,7088559,2583700,9856685,1325.53,3300,2019-02-28
福容大飯店 桃園,Taoyuan-Hsinchu-Miaoli,182,5642,0.75,1904.03,8078790,4879996,13513804,1431.90,4243,2019-07-31
香格⾥拉台南遠東國際⼤飯店,Others,331,9930,0.79,3468.00,27313078,29269563,63931877,2750.47,7875,2019-11-30
台南⼤員皇冠假⽇酒店,Others,231,6468,0.55,4213.00,14975438,14629668,32410434,2315.46,3555,2019-02-28
香格里拉台南遠東國際大飯店,Others,333,9990,0.72,3545.22,25475932,23205700,54756584,2550.14,7186,2019-06-30
六福客棧,Taipei,230,6900,0.84,1321.00,7657584,6041139,14133927,1109.77,5797,2019-04-30
寶華大飯店,Others,78,2418,0.21,2062.34,1037359,5640,1044999,429.02,503,2019-08-31
天成大飯店,Taipei,225,6750,0.91,3012.14,18569871,23527180,44612041,2751.09,6165,2019-06-30
國王⼤飯店,Taipei,97,3007,0.80,1592.00,3837363,1109281,5039997,1275.99,2410,2019-03-31
馥藝金鬱金香酒店,Taoyuan-Hsinchu-Miaoli,191,5921,0.55,2090.40,6538768,5144229,12018715,1141.15,3128,2019-12-31
福容大飯店 高雄,Kaohsiung,250,7750,0.69,1726.27,8873010,4903034,13806182,1183.07,5140,2019-12-31
華園⼤飯店,Kaohsiung,269,8070,0.81,1398.00,9119016,5050710,14854989,1130.00,6523,2019-11-30
晶悅國際飯店,Taoyuan-Hsinchu-Miaoli,388,11640,0.78,1667.00,15084031,3295888,19329243,1295.76,9048,2019-04-30
台北寒舍喜來登⼤飯店,Taipei,688,20640,0.72,5173.00,77287822,88704316,186416638,3744.73,14942,2019-04-30
寶華大飯店,Others,78,2418,0.08,1642.41,295633,0,297633,126.34,180,2019-12-31
麗尊大酒店,Kaohsiung,198,5940,0.65,2184.92,8468732,19052153,29485365,1425.71,3876,2019-06-30
趣淘漫旅,Scenery,198,6138,0.68,3242.12,13594224,3464191,20065520,2214.76,4193,2019-08-31
福華大飯店,Taipei,606,18786,0.74,3798.17,52992000,42178000,114948000,2820.82,13952,2019-05-31
台北美福大飯店,Taipei,146,4526,0.74,6538.99,21127473,59729744,87061643,4823.62,3231,2019-12-31
尊爵天際大飯店,Taoyuan-Hsinchu-Miaoli,250,7750,0.86,2234.07,14852080,28385814,43710180,1916.40,6648,2019-10-31
合尊酒店,Taipei,101,2828,0.73,3940.00,8162767,3448311,12842486,2886.84,2072,2019-02-28
樂樂⽇暉溫泉酒店,Others,0,0,0.00,0.00,0,0,0,0.00,0,2019-01-31
台北諾富特華航桃園機場飯店,Taoyuan-Hsinchu-Miaoli,516,15996,0.69,2793.00,30730048,12841805,48650487,1921.03,11002,2019-01-31
裕元花園酒店,Taichung,149,4470,0.73,3196.95,10492402,27452528,42759464,2347.29,3282,2019-06-30
花蓮亞士都飯店,Hualien,167,5177,0.46,1023.41,2461290,850000,3325150,475.43,2405,2019-07-31
鈺通大飯店,Others,120,3600,0.31,1739.94,1934818,6074615,8036553,537.45,1112,2019-06-30
遠百企業觀光旅館,Others,40,1240,0.06,1000.00,70000,0,70000,56.45,70,2019-10-31
尊爵天際大飯店,Taoyuan-Hsinchu-Miaoli,250,7750,0.82,2332.45,14780741,35394540,50766820,1907.19,6337,2019-05-31
阿⾥⼭賓館(新館),Scenery,102,3162,0.90,6852.00,19391641,9561628,29517338,6132.54,2830,2019-03-31
板橋凱撒大飯店,Others,400,12400,0.80,4050.35,38794223,9043316,47924051,3232.85,9578,2019-12-31
日勝生加賀屋國際溫泉飯店,Taipei,90,2700,0.47,5745.76,7343076,6935278,21086905,2719.66,1278,2019-09-30
晶華酒店,Taipei,538,16678,0.91,5681.45,83091223,136897633,274440377,5148.16,14625,2019-12-31
⼭泉⼤飯店,Others,146,4380,0.86,1983.00,7470514,1215165,9142820,1705.38,3767,2019-11-30
晶英國際行館,Kaohsiung,147,4557,0.30,6332.91,8682425,10604651,21920887,1905.29,1371,2019-08-31
墾丁怡灣渡假酒店,Scenery,236,7080,0.23,2519.00,4092670,424935,4591601,578.11,1625,2019-11-30
⾼雄國賓⼤飯店,Kaohsiung,453,14043,0.82,2068.00,23845370,44144277,70138340,1697.62,11528,2019-01-31
和昇帝景飯店,Others,60,1860,0.53,2554.00,2523810,5850,2529660,1356.68,988,2019-03-31
台北花園大酒店,Taipei,241,7471,0.90,2382.64,15935067,19619704,39051824,2132.92,6688,2019-05-31
慶泰⼤飯店,Taipei,150,4500,0.74,2823.00,9426635,4969596,14933349,2094.67,3339,2019-04-30
新竹老爺大酒店,Taoyuan-Hsinchu-Miaoli,208,6448,0.62,2980.18,11831319,12488071,25344723,1834.88,3970,2019-05-31
漢來⼤飯店,Kaohsiung,535,16585,0.77,3057.00,39172974,72846036,129256323,2362.14,12815,2019-03-31
陽明山中國麗緻大飯店,Scenery,47,1410,0.28,4045.31,1610032,2092784,5622028,1141.87,398,2019-06-30
第一大飯店,Taipei,176,5456,0.81,1580.45,6953999,3050764,29575038,1274.56,4400,2019-07-31
洛碁大飯店花華本館,Taipei,112,3472,0.87,1766.75,5144779,0,5144779,1531.18,2912,2019-12-31
樂樂日暉溫泉酒店,Others,48,1488,0.00,0.00,0,0,0,0.00,0,2019-07-31
趣淘漫旅,Scenery,198,5940,0.49,2621.00,7617932,3773968,12650067,1282.72,2907,2019-04-30
碧特弗⼤飯店,Others,54,1620,0.61,1930.00,1908639,100601,2009240,1178.26,989,2019-04-30
墾丁怡灣渡假酒店,Scenery,175,4900,0.26,4390.00,5641774,920837,6724868,1151.06,1285,2019-02-28
古華花園飯店,Taoyuan-Hsinchu-Miaoli,255,7905,0.89,2911.05,20496703,16685497,39107255,2592.88,7041,2019-10-31
台中港酒店,Taichung,200,5600,0.54,3072.00,9293251,2314686,12590178,1659.49,3025,2019-02-28
麒麟大飯店,Others,167,5177,0.23,4038.73,4737431,1430516,6405629,915.09,1173,2019-05-31
華園大飯店,Kaohsiung,269,8339,0.71,1475.51,8763054,5315475,14840807,1050.85,5939,2019-10-31
桃園喜來登酒店,Taoyuan-Hsinchu-Miaoli,187,5797,0.33,3726.68,7185030,5706505,14222012,1239.44,1928,2019-10-31
