Hotel,Area,Room,Supply,Occupancy,ADR,Room_Revenue,F&B_Revenue,Total_Revenue,RevPAR,Demand,Date
板橋凱撒⼤飯店,Others,400,12400,0.26,2441.00,7871732,7571504,33113627,634.90,3225,2020-05-31
遠百企業觀光旅館,Others,40,1240,0.05,1000.00,56000,0,56000,45.20,56,2020-03-31
華泰王子大飯店,Taipei,203,6293,0.24,1574.11,2424132,9573957,14335727,385.21,1540,2020-10-31
國賓⼤飯店,Taipei,422,12238,0.37,3374.00,15470969,50228203,70427005,1264.24,4586,2020-02-29
福容⼤飯店桃園,Taoyuan-Hsinchu-Miaoli,182,5278,0.21,2202.00,2477436,1903400,4648477,469.25,1125,2020-02-29
陽明山中國麗緻大飯店,Scenery,47,1457,0.34,3717.20,1817710,2448818,6139709,1247.57,489,2020-07-31
台北君悅酒店,Taipei,850,26350,0.19,4440.36,22605895,74651344,111561237,857.91,5091,2020-08-31
福容大飯店 高雄,Kaohsiung,250,7750,0.57,2257.95,10009507,3668977,13689845,1291.55,4433,2020-08-31
晶英國際⾏館,Kaohsiung,147,4557,0.00,0.00,3874007,10980830,16929441,0.00,0,2020-05-31
海灣藝術酒店,Taichung,226,7006,0.02,1858.00,243414,558314,936602,34.74,131,2020-03-31
⼤板根渡假酒店,Others,95,2945,0.44,4280.00,5482751,9043820,24396489,1861.80,1281,2020-05-31
神旺大飯店,Taipei,268,8308,0.02,2864.28,461149,20980224,22912429,55.51,161,2020-10-31
馥藝金鬱金香酒店,Taoyuan-Hsinchu-Miaoli,191,5730,0.64,1959.75,7174636,4076292,11570673,1252.12,3661,2020-09-30
台南⼤飯店,Others,152,4560,0.31,1935.00,2763536,2714055,5731957,606.04,1428,2020-04-30
華泰王子大飯店,Taipei,220,6820,0.21,1397.32,1991178,10235530,14557901,291.96,1425,2020-08-31
豪景大酒店,Taipei,209,6479,0.00,2532.14,17725,0,454725,2.74,7,2020-07-31
晶悅國際飯店,Taoyuan-Hsinchu-Miaoli,376,10904,0.12,1865.00,2364828,2204132,4955221,216.90,1268,2020-02-29
花蓮翰品酒店,Hualien,197,6107,0.55,1968.00,6625811,5801190,12837662,1084.76,3366,2020-05-31
日月行館,Scenery,92,2852,0.35,13764.63,13805924,1748533,15830395,4840.79,1003,2020-08-31
福容大飯店 林口,Taoyuan-Hsinchu-Miaoli,149,4619,0.68,1444.34,4569886,1739709,6317802,989.37,3164,2020-08-31
福容⼤飯店桃園,Taoyuan-Hsinchu-Miaoli,182,5460,0.10,2073.00,1117456,1671942,3294812,204.61,539,2020-04-30
國聯大飯店,Taipei,243,7290,0.33,1339.68,3252755,519582,4177264,446.19,2428,2020-09-30
台北有園飯店,Taipei,56,1680,0.39,212.75,137860,0,837795,82.06,648,2020-11-30
名都觀光渡假大飯店,Scenery,97,3007,0.09,3121.76,830389,1331185,2230044,276.15,266,2020-07-31
Total,Total,28595,886445,0.18,3343.81,525616054,893183278,1698587213,592.95,157191,2020-03-31
陸島酒店,Others,47,1457,0.00,0.00,39309,3040,42349,0.00,0,2020-03-31
澎湖福朋喜來登酒店,Others,331,10261,0.85,3676.45,31981465,29602997,69106905,3116.80,8699,2020-08-31
寒舍艾麗酒店,Taipei,235,7050,0.52,3108.00,11319815,3910955,17213933,1605.59,3642,2020-06-30
台南大飯店,Others,152,4712,0.62,2246.46,6521471,7984940,15409107,1384.01,2903,2020-08-31
康華大飯店,Taipei,215,6665,0.05,1757.01,634279,7134881,8497930,95.17,361,2020-07-31
亞都麗緻⼤飯店,Taipei,209,6270,0.19,3046.00,3572980,8486471,15635392,569.91,1173,2020-06-30
⻄華⼤飯店,Taipei,343,10633,0.70,4310.00,31908855,25824358,63674142,3001.05,7404,2020-01-31
趣淘漫旅,Scenery,198,6138,0.77,2618.51,12406507,2778757,16972908,2021.26,4738,2020-12-31
⽇⽉⾏館,Scenery,92,2852,0.16,11185.00,5201237,841201,6270061,1823.16,465,2020-05-31
西華大飯店,Taipei,343,10633,1.00,655.85,6973669,13742621,23807028,655.85,10633,2020-08-31
義華酒店,Taipei,149,4619,0.17,2785.00,2236355,133588,2550172,484.16,803,2020-07-31
⾸都⼤飯店,Taipei,129,3999,0.40,3193.00,5115643,3343012,9102926,1279.12,1602,2020-01-31
洛碁⼤飯店花華本館,Taipei,112,3472,0.00,1195.00,8368,0,8368,2.39,7,2020-05-31
⽇勝⽣加賀屋國際溫泉飯店,Taipei,90,2700,0.40,3209.00,3507771,2933003,9355245,1299.00,1093,2020-04-30
阿里山賓館(新館),Scenery,104,3224,0.92,5148.37,15218584,9914958,25552093,4720.40,2956,2020-12-31
碧特弗⼤飯店,Others,54,1674,0.03,2734.00,147617,19616,167233,88.31,54,2020-03-31
台南⼤員皇冠假⽇酒店,Others,231,6699,0.48,2849.00,9226492,10794547,22063095,1377.49,3239,2020-02-29
福容⼤飯店淡⽔漁⼈碼頭,Others,198,5940,0.17,2985.00,3024224,6032291,9694059,508.94,1013,2020-04-30
趣淘漫旅,Scenery,198,6138,0.39,2298.00,5528522,1119617,7891518,900.82,2406,2020-05-31
第一⼤飯店,Taipei,176,5456,0.55,1625.00,4899747,3587320,27984442,898.30,3016,2020-01-31
新竹喜來登大飯店,Taoyuan-Hsinchu-Miaoli,386,11966,0.60,2763.58,19737505,31587155,58323004,1649.47,7142,2020-08-31
台北花園⼤酒店,Taipei,241,7230,0.11,1283.00,979267,7670181,9662688,135.36,763,2020-04-30
瑞穗天合國際觀光酒店,Hualien,198,5742,0.45,7419.00,19134420,9157837,32512183,3331.87,2579,2020-02-29
遠百企業觀光旅館,Others,40,1240,0.03,1005.00,39200,0,39200,31.66,39,2020-05-31
悅川酒店,Others,103,3090,0.40,2432.00,3005514,3389789,6395303,972.80,1236,2020-04-30
晶華酒店,Taipei,538,16140,0.21,4079.00,13877109,56071117,106647952,859.85,3402,2020-04-30
海灣藝術酒店,Taichung,226,6554,0.12,1572.00,1237452,415820,1685818,188.80,787,2020-02-29
美麗信花園酒店,Taipei,203,6293,0.47,1284.88,3812226,2816302,9830286,605.79,2967,2020-10-31
義華酒店,Taipei,149,4470,0.07,3203.00,989727,102501,2517732,221.33,309,2020-04-30
台北諾富特華航桃園機場飯店,Taoyuan-Hsinchu-Miaoli,516,15996,0.17,2741.00,7575673,4523621,13578307,473.64,2764,2020-03-31
亞⼠都飯店,Taipei,40,1240,0.05,2291.00,155764,0,155764,125.55,68,2020-03-31
台北有園飯店,Taipei,56,1680,0.06,2252.00,209404,0,550703,124.76,93,2020-04-30
礁溪老爺大酒店,Scenery,197,5910,0.78,7874.60,36168028,20448686,68213916,6119.80,4593,2020-11-30
耐斯王子大飯店,Others,245,7595,0.67,1837.25,9373663,12737857,22932286,1234.19,5102,2020-07-31
台北寒舍喜來登⼤飯店,Taipei,688,20640,0.23,2797.00,13284934,79469720,105387071,643.59,4750,2020-06-30
⻑榮桂冠酒店(基隆),Others,140,4340,0.11,2612.00,1258993,788281,3566160,290.19,482,2020-03-31
澎湖福朋喜來登酒店,Others,331,9599,0.09,2187.00,1856903,4861609,7500638,193.33,849,2020-02-29
台南⼤員皇冠假⽇酒店,Others,231,7161,0.57,3825.00,15560778,26061160,45408299,2172.98,4068,2020-01-31
晶英國際行館,Kaohsiung,147,4557,0.45,7447.01,15348287,18853625,37376043,3368.07,2061,2020-12-31
豪景⼤酒店,Taipei,209,6061,0.30,1872.00,3451013,715156,4415164,569.28,1843,2020-02-29
凱撒⼤飯店,Scenery,281,8149,0.91,4169.00,31048487,6696286,39600140,3810.47,7448,2020-02-29
綠舞國際觀光飯店,Others,104,3224,0.62,5329.00,10705954,4730110,17687529,3320.71,2009,2020-10-31
⾼雄國賓⼤飯店,Kaohsiung,453,13137,0.41,2077.00,11124720,27331902,39698736,846.79,5356,2020-02-29
歐華酒店,Taipei,112,3472,0.10,2577.78,899644,4840786,6361765,259.11,349,2020-08-31
全國⼤飯店,Taichung,178,5518,0.19,1792.00,1921070,6247825,15333751,348.19,1072,2020-05-31
西華大飯店,Taipei,343,10633,0.30,2470.97,7786018,12960670,23476204,732.25,3151,2020-10-31
阿里山賓館(新館),Scenery,104,3224,0.91,5386.55,15717953,9649593,25843615,4875.30,2918,2020-10-31
台北華國大飯店,Taipei,326,10106,0.11,1608.35,1761140,13708286,16649792,174.27,1095,2020-07-31
Total,Total,28509,826761,0.35,3655.84,1044241887,1227651723,2625090267,1263.05,285637,2020-02-29
首都大飯店,Taipei,129,3999,0.28,2012.30,2261820,1197289,3932137,565.60,1124,2020-10-31
新⽵老爺⼤酒店,Taoyuan-Hsinchu-Miaoli,208,6448,0.18,2592.00,3056177,4949449,8521987,473.82,1179,2020-03-31
遠百企業觀光旅館,Others,40,1200,0.03,1010.00,40400,0,40400,33.63,40,2020-06-30
綠舞國際觀光飯店,Others,104,3120,0.12,5003.00,1800957,971128,3364087,577.35,360,2020-04-30
國王大飯店,Taipei,97,2910,0.01,1958.63,52883,194154,293952,18.17,27,2020-09-30
北投麗禧溫泉酒店,Taipei,66,2046,0.31,13064.36,8321997,4059273,15991054,4067.45,637,2020-07-31
合尊酒店,Taipei,101,3030,0.63,3582.00,6853209,2410197,10189747,2261.67,1913,2020-04-30
北投麗禧溫泉酒店,Taipei,66,2046,0.82,14085.10,23564372,10261057,44406133,11517.29,1673,2020-12-31
神旺⼤飯店,Taipei,268,8040,0.02,2800.00,417214,18608094,19838818,51.80,149,2020-04-30
慶泰大飯店,Taipei,150,4500,0.01,1345.83,32300,2238722,2544438,7.18,24,2020-09-30
台東桂⽥喜來登酒店,Others,278,8340,0.26,2564.00,5591255,3854929,10360768,670.49,2181,2020-04-30
長榮桂冠酒店(台中),Taichung,354,10974,0.77,2292.21,19263702,26839749,51524473,1755.39,8404,2020-08-31
花蓮翰品酒店,Hualien,197,5910,0.75,2493.00,11120613,6313711,17946948,1881.72,4461,2020-06-30
台北W飯店,Taipei,405,12555,0.34,5969.62,25364936,27080262,59099844,2020.31,4249,2020-08-31
龍谷大飯店,Scenery,189,5670,0.34,1804.74,3524648,1374804,5410452,621.63,1953,2020-11-30
名都觀光渡假大飯店,Scenery,97,2910,0.13,1689.02,662095,1605672,2357295,227.52,392,2020-09-30
阿⾥⼭賓館(新館),Scenery,104,3224,0.64,6347.00,13042790,7414941,20915435,4045.58,2055,2020-01-31
⼭泉⼤飯店,Others,146,4234,0.33,2083.00,2954307,536566,3674603,697.60,1418,2020-02-29
台北凱撒⼤飯店,Taipei,478,14818,0.07,3361.00,3633105,5152593,13255965,245.35,1081,2020-03-31
台北君品大酒店,Taipei,286,8580,0.30,2632.44,6839083,56921388,68828458,797.10,2598,2020-11-30
兄弟⼤飯店,Taipei,250,7750,0.04,2930.00,846858,31712653,36003400,109.29,289,2020-05-31
古華花園飯店,Taoyuan-Hsinchu-Miaoli,255,7905,0.74,3058.00,17969967,20863260,41130717,2273.01,5876,2020-01-31
豪景大酒店,Taipei,209,6479,0.10,1860.48,1214894,299012,1802900,187.51,653,2020-12-31
台北萬豪酒店,Taipei,318,9858,0.38,4709.61,17745799,42754035,76830461,1800.14,3768,2020-07-31
豐⾢喜來登⼤飯店,Taoyuan-Hsinchu-Miaoli,384,11904,0.01,2828.00,288406,2067454,2518079,24.32,102,2020-03-31
高雄國賓大飯店,Kaohsiung,453,14043,0.67,2290.85,21501906,32960215,55920224,1531.15,9386,2020-08-31
名都觀光渡假⼤飯店,Scenery,97,2910,0.11,3331.00,1025844,755883,1806395,352.42,308,2020-06-30
花蓮亞士都飯店,Hualien,168,5208,0.23,1325.78,1579000,800000,2399558,303.19,1191,2020-12-31
台北寒舍喜來登大飯店,Taipei,688,21328,0.28,3033.46,18218954,82887164,115489635,854.23,6006,2020-07-31
華園⼤飯店,Kaohsiung,269,8339,0.14,1339.00,1511477,1984918,4001006,181.30,1129,2020-05-31
⽇⽉⾏館,Scenery,92,2760,0.14,9366.00,3493474,1083016,4698712,1265.35,373,2020-04-30
晶華酒店,Taipei,538,15602,0.40,5337.00,33170701,87228021,161829207,2125.73,6215,2020-02-29
陸島酒店,Others,47,1457,0.79,1216.88,1394540,186240,1586840,957.13,1146,2020-07-31
合尊酒店,Taipei,101,2929,0.36,3031.00,3155515,1702192,5406117,1077.22,1041,2020-02-29
合尊酒店,Taipei,101,3131,0.64,3056.09,6115240,2765217,9800456,1953.13,2001,2020-07-31
北投老爺酒店,Taipei,50,1500,0.73,3176.26,3487528,3975204,8670968,2325.02,1098,2020-09-30
娜路彎⼤酒店,Others,276,8280,0.66,3528.00,19358136,11135647,34248729,2338.01,5487,2020-06-30
南⽅莊園渡假飯店,Taoyuan-Hsinchu-Miaoli,111,3441,0.16,4686.00,2652369,3047477,7693759,770.85,566,2020-03-31
長榮桂冠酒店(基隆),Others,140,4340,0.80,2847.13,9851060,5664963,18188385,2269.83,3460,2020-07-31
礁溪老爺⼤酒店,Scenery,197,5910,0.34,6614.00,13365918,8511405,28733287,2261.99,2021,2020-04-30
台北君品大酒店,Taipei,286,8866,0.36,3234.55,10444353,57044732,71927304,1178.02,3229,2020-12-31
桃園喜來登酒店,Taoyuan-Hsinchu-Miaoli,190,5890,0.45,2099.77,5551784,11937899,19116993,942.58,2644,2020-10-31
⼭泉⼤飯店,Others,146,4526,0.18,2484.00,2007195,414350,2548995,443.39,808,2020-03-31
華園大飯店,Kaohsiung,269,8339,0.47,1600.43,6232071,2670341,9393913,747.34,3894,2020-07-31
麒麟⼤飯店,Others,167,5177,0.22,2805.00,3262231,730308,4227099,630.00,1163,2020-05-31
台南大員皇冠假日酒店,Others,231,7161,0.70,3371.65,16834665,20881002,41543030,2350.88,4993,2020-12-31
台北花園⼤酒店,Taipei,241,7230,0.24,1032.00,1783221,14116955,17530409,246.65,1728,2020-06-30
凱撒大飯店,Scenery,281,8430,0.98,5295.20,43944892,8692467,55121772,5212.92,8299,2020-09-30
板橋凱撒⼤飯店,Others,400,12400,0.18,2895.00,6308439,3019508,9359553,508.65,2179,2020-03-31
新竹喜來登大飯店,Taoyuan-Hsinchu-Miaoli,386,11966,0.60,2654.65,18959540,46121111,72032046,1584.45,7142,2020-10-31
日勝生加賀屋國際溫泉飯店,Taipei,90,2790,0.48,9361.76,12516676,10501873,28766838,4486.26,1337,2020-10-31
合尊酒店 S Hotel,Taipei,101,3030,0.56,3556.54,5989219,2368643,9195765,1976.64,1684,2020-11-30
台北華國⼤飯店,Taipei,326,10106,0.16,2651.00,4263218,6216833,11658045,421.77,1608,2020-03-31
雲品溫泉酒店日月潭,Scenery,211,6541,0.93,9385.09,56939346,29921550,93024446,8704.99,6067,2020-10-31
美侖大飯店,Hualien,343,10633,0.47,2630.13,13226906,4344341,18370532,1243.95,5029,2020-10-31
阿里山賓館(新館),Scenery,104,3120,0.88,5027.89,13861882,8558647,22900866,4442.91,2757,2020-11-30
高雄福華大飯店,Kaohsiung,271,8401,0.63,2329.14,12328133,20869506,36258015,1467.46,5293,2020-08-31
台中金典酒店,Taichung,222,6660,0.60,2609.50,10492796,16612078,37039371,1575.49,4021,2020-11-30
台北君品大酒店,Taipei,286,8866,0.23,2855.62,5748355,43448219,53031264,648.36,2013,2020-07-31
高雄圓山大飯店,Scenery,107,3210,0.40,2622.21,3387898,9611726,15513773,1055.42,1292,2020-09-30
國聯⼤飯店,Taipei,243,7047,0.13,2154.00,1988109,357451,2608537,282.17,923,2020-02-29
台北美福大飯店,Taipei,146,4380,0.45,4562.04,8909669,53628470,68735135,2034.17,1953,2020-09-30
寶華⼤飯店,Others,78,2418,0.02,1242.00,70800,0,72800,29.31,57,2020-01-31
華泰王子大飯店,Taipei,202,6262,0.32,1757.08,3491326,10296737,16175241,557.54,1987,2020-12-31
桃園喜來登酒店,Taoyuan-Hsinchu-Miaoli,190,5890,0.38,2845.00,6415551,16209180,24334266,1089.35,2255,2020-01-31
綠舞國際觀光飯店,Others,104,3224,0.55,5238.78,9262162,5255191,16314063,2872.88,1768,2020-12-31
新竹老爺大酒店,Taoyuan-Hsinchu-Miaoli,208,6448,0.59,2578.29,9740797,11851921,23247383,1510.67,3778,2020-08-31
⾼雄福華⼤飯店,Kaohsiung,271,8130,0.44,2148.00,7706429,12569845,22881659,947.91,3588,2020-06-30
台北凱撒⼤飯店,Taipei,478,14818,0.72,4076.00,43319635,30856972,77021469,2923.31,10628,2020-01-31
寶華大飯店,Others,78,2418,0.04,1281.28,114034,0,116034,47.16,89,2020-12-31
美麗信花園酒店,Taipei,203,6090,0.14,1275.00,1098759,924571,3593023,180.41,862,2020-04-30
古華花園飯店,Taoyuan-Hsinchu-Miaoli,255,7905,0.29,1956.00,4479468,14703562,19707152,566.65,2290,2020-03-31
碧特弗⼤飯店,Others,54,1620,0.04,2074.00,147275,31800,179075,90.84,71,2020-04-30
高雄圓山大飯店,Scenery,107,3317,0.45,2957.32,4456688,9731348,15448484,1343.59,1507,2020-08-31
高雄福華大飯店,Kaohsiung,271,8130,0.60,2114.80,10254671,20805441,34235086,1261.34,4849,2020-11-30
墾丁怡灣渡假酒店,Scenery,236,7316,0.55,3065.13,12373929,248405,13207400,1691.35,4037,2020-07-31
樂樂⽇暉溫泉酒店,Others,48,1488,0.33,2459.00,1217288,0,1222428,818.11,495,2020-01-31
尊爵天際⼤飯店,Taoyuan-Hsinchu-Miaoli,250,7750,0.22,1615.00,2716203,25992391,28801075,350.46,1682,2020-05-31
台北凱撒大飯店,Taipei,478,14340,0.43,2054.79,12558892,16879465,33777786,875.79,6112,2020-11-30
遠百企業觀光旅館,Others,40,1240,0.05,1000.00,56000,0,56000,45.20,56,2020-01-31
墾丁福華渡假飯店,Scenery,458,13740,0.23,2953.00,9455088,2191348,12084574,688.05,3202,2020-04-30
福容⼤飯店林⼝,Taoyuan-Hsinchu-Miaoli,149,4321,0.27,2537.00,2955820,1286215,4257786,683.98,1165,2020-02-29
福容大飯店 福隆,Scenery,174,5220,0.31,3823.52,6236155,5867368,12253093,1194.67,1631,2020-11-30
國王⼤飯店,Taipei,97,3007,0.48,1818.00,2606300,630428,3286713,867.00,1434,2020-01-31
兄弟⼤飯店,Taipei,250,7500,0.08,2090.00,1287659,17274194,20732807,171.59,616,2020-04-30
台北寒舍喜來登大飯店,Taipei,688,21328,0.32,2917.33,19718224,103832852,138750996,924.52,6759,2020-10-31
阿⾥⼭賓館,Scenery,35,1085,0.26,4478.00,1267396,0,1267396,1167.86,283,2020-05-31
亞⼠都飯店,Taipei,40,1200,0.09,2279.00,250696,0,250696,208.98,110,2020-06-30
圓山大飯店,Taipei,470,14100,0.51,2701.76,19344590,51378861,84940511,1371.96,7160,2020-11-30
娜路彎大酒店,Others,276,8280,0.70,3827.18,22212979,14756780,44568951,2682.73,5804,2020-09-30
高雄圓山大飯店,Scenery,107,3317,0.58,2628.68,5052327,13423567,19760874,1523.16,1922,2020-10-31
高雄國賓大飯店,Kaohsiung,453,13590,0.59,2114.51,17047195,40980551,58659173,1254.39,8062,2020-09-30
海灣藝術酒店,Taichung,226,7006,0.03,1553.56,377514,0,392539,53.88,243,2020-07-31
福容⼤飯店林⼝,Taoyuan-Hsinchu-Miaoli,149,4619,0.18,2238.00,1909189,700149,2622834,413.36,853,2020-05-31
尊爵⼤飯店,Taoyuan-Hsinchu-Miaoli,231,7161,0.71,2297.00,11607962,27962768,42159676,1621.22,5054,2020-01-31
福容大飯店 高雄,Kaohsiung,250,7750,0.63,1959.94,9572363,4491195,14070829,1235.14,4884,2020-10-31
台北中山雅樂軒酒店,Taipei,88,2728,0.56,2052.58,3146608,1155134,4744334,1153.45,1533,2020-08-31
尊爵大飯店,Taoyuan-Hsinchu-Miaoli,231,6930,0.17,2871.68,3334017,13191285,17048475,481.10,1161,2020-09-30
長榮桂冠酒店(台中),Taichung,354,10620,0.49,2202.58,11561358,21198699,37633431,1088.64,5249,2020-11-30
台北君悅酒店,Taipei,850,26350,0.14,4950.74,17792962,64909432,96277426,675.25,3594,2020-07-31
兄弟⼤飯店,Taipei,250,7750,0.61,3468.00,16270967,65909030,88955017,2099.53,4692,2020-01-31
台北寒舍艾美酒店,Taipei,160,4960,0.18,4888.00,4266791,25664310,34232151,860.29,873,2020-05-31
花蓮亞士都飯店,Hualien,167,5010,0.38,1163.41,2200000,1000000,3219191,439.12,1891,2020-11-30
台南⼤飯店,Others,152,4712,0.37,1833.00,3181330,3142316,6843738,675.28,1736,2020-03-31
美侖⼤飯店,Hualien,343,10633,0.55,2904.00,16939834,12622552,30841916,1593.13,5833,2020-01-31
涵碧樓⼤飯店,Scenery,96,2880,0.38,13673.00,15149234,5224695,23195697,5260.00,1108,2020-04-30
台東桂田喜來登酒店,Others,290,8990,0.64,2549.72,14665980,20538332,39193744,1631.37,5752,2020-12-31
圓山大飯店,Taipei,466,14446,0.78,2810.33,31624660,59805506,106632109,2189.16,11253,2020-12-31
福容⼤飯店桃園,Taoyuan-Hsinchu-Miaoli,182,5642,0.71,1954.00,7778986,7452120,15971288,1379.13,3982,2020-01-31
台北有園飯店,Taipei,56,1736,0.29,2307.20,1176673,0,1734067,677.81,510,2020-07-31
漢來⼤飯店,Kaohsiung,535,16585,0.18,2478.00,7463378,39616128,59459746,450.00,3012,2020-05-31
香格⾥拉台北遠東國際⼤飯店,Taipei,420,12600,0.07,5041.00,4471600,16709284,25740455,354.89,887,2020-04-30
墾丁福華渡假飯店,Scenery,458,13740,0.50,2686.00,18632790,8858431,28718176,1356.10,6937,2020-11-30
香格⾥拉台北遠東國際⼤飯店,Taipei,420,13020,0.10,4585.00,5717824,30560788,42993748,439.24,1247,2020-05-31
福容⼤飯店林⼝,Taoyuan-Hsinchu-Miaoli,149,4619,0.24,2535.00,2783950,624801,3419058,602.57,1098,2020-03-31
國賓⼤飯店,Taipei,422,13082,0.57,3647.00,27229634,119806163,157208363,2081.34,7466,2020-01-31
太魯閣晶英酒店,Scenery,160,4800,0.71,8596.00,29329206,9165914,43007521,6110.04,3412,2020-06-30
台北君悅酒店,Taipei,850,26350,0.62,6031.00,98944277,125793598,254434031,3754.90,16405,2020-01-31
福容大飯店 台北一館,Taipei,120,3600,0.16,2225.48,1281876,7545819,9628590,356.08,576,2020-09-30
晶英國際⾏館,Kaohsiung,147,4557,0.32,7844.00,11436898,13600111,27781881,2509.30,1458,2020-01-31
台南大員皇冠假日酒店,Others,230,7130,0.67,3753.22,17947889,15636758,37020267,2517.24,4782,2020-08-31
高雄福華大飯店,Kaohsiung,271,8401,0.59,2478.07,12328407,21926552,37263587,1467.49,4975,2020-10-31
趣淘漫旅,Scenery,198,5742,0.53,2915.00,8854803,1489470,12102803,1542.33,3038,2020-02-29
寶華大飯店,Others,78,2418,0.26,1715.46,1091030,16380,1109410,451.21,636,2020-10-31
墾丁怡灣渡假酒店,Scenery,234,7254,0.28,2403.03,4926211,906006,5963807,679.10,2050,2020-12-31
墾丁福華渡假飯店,Scenery,458,14198,0.82,4795.48,55689953,11781107,70576525,3922.38,11613,2020-07-31
豐邑喜來登大飯店,Taoyuan-Hsinchu-Miaoli,384,11520,0.12,2922.92,3896247,3461064,7970708,338.22,1333,2020-11-30
台東桂田喜來登酒店,Others,278,8618,0.84,3402.34,24561475,20924069,49384677,2850.02,7219,2020-08-31
山泉大飯店,Others,146,4526,0.84,2047.66,7807746,1186594,9467726,1725.09,3813,2020-08-31
亞士都飯店,Taipei,40,1240,0.12,2262.01,348349,0,348349,280.93,154,2020-08-31
和逸飯店桃園青埔館,Taoyuan-Hsinchu-Miaoli,218,6540,0.84,2607.46,14294070,20613,18124173,2185.64,5482,2020-09-30
陽明山中國麗緻大飯店,Scenery,47,1457,0.46,4103.59,2737095,2362194,7328791,1878.58,667,2020-12-31
台北W飯店,Taipei,405,12150,0.33,5587.21,22192414,41219316,70952102,1826.54,3972,2020-11-30
海灣藝術酒店,Taichung,226,6780,0.04,1355.00,378118,9517,597102,55.83,279,2020-06-30
娜路彎大酒店,Others,276,8556,0.51,3955.61,17238550,9749403,27791732,2014.79,4358,2020-12-31
澎湖福朋喜來登酒店,Others,331,9930,0.14,1937.00,2645432,3303163,6809525,266.53,1366,2020-04-30
礁溪老爺⼤酒店,Scenery,197,5713,0.69,7214.00,28581004,17349624,56077866,5002.91,3962,2020-02-29
六福客棧,Taipei,230,6900,0.17,763.69,919478,0,1098764,133.26,1204,2020-11-30
豪景大酒店,Taipei,209,6479,0.01,2389.32,229375,0,575391,35.40,96,2020-08-31
⾸都⼤飯店,Taipei,129,3741,0.18,2761.00,1852334,881483,3254604,495.32,671,2020-02-29
瓏山林台北中和飯店,Others,126,3780,0.13,1902.39,905539,6581457,8878734,239.56,476,2020-09-30
高雄國賓大飯店,Kaohsiung,453,14043,0.59,2259.67,18649097,29722975,49696451,1328.00,8253,2020-07-31
第一⼤飯店,Taipei,176,5104,0.27,1671.00,2306004,3092562,24742635,451.84,1380,2020-02-29
三德大飯店,Taipei,287,8897,0.20,2873.98,5184668,974186,7288745,582.74,1804,2020-12-31
北投老爺酒店,Taipei,50,1550,0.56,3622.31,3151414,3187159,7568296,2033.17,870,2020-07-31
美麗春天大飯店,Others,34,1054,0.19,2723.68,552907,175354,728261,524.58,203,2020-10-31
台中金典酒店,Taichung,222,6882,0.79,2923.90,15891372,18267750,45528669,2309.12,5435,2020-08-31
福華⼤飯店,Taipei,606,18786,0.51,4002.00,38298000,80955000,137868000,2038.62,9569,2020-01-31
墾丁怡灣渡假酒店,Scenery,234,7020,0.42,2551.00,7516550,143984,8126074,1070.65,2946,2020-06-30
尊爵⼤飯店,Taoyuan-Hsinchu-Miaoli,231,6930,0.00,0.00,0,9564645,10164962,0.00,0,2020-06-30
台中港酒店,Taichung,200,6200,0.89,2617.92,14466622,2641437,18175984,2333.33,5526,2020-10-31
合尊酒店,Taipei,101,3131,1.00,2509.00,7857015,3310591,12331558,2509.00,3131,2020-01-31
台東桂⽥喜來登酒店,Others,278,8618,0.21,2517.00,4641601,5348980,10916066,538.64,1844,2020-03-31
南方莊園渡假飯店,Taoyuan-Hsinchu-Miaoli,111,3330,0.62,2770.78,5718885,16991774,26621017,1717.38,2064,2020-09-30
墾丁怡灣渡假酒店,Scenery,236,7316,0.08,2393.00,1361657,133435,1603782,186.18,569,2020-03-31
福華大飯店,Taipei,606,18786,0.27,2741.79,14027000,36262000,63652000,746.67,5116,2020-12-31
尊爵大飯店,Taoyuan-Hsinchu-Miaoli,231,7161,0.04,2757.24,780300,10435165,11859278,108.97,283,2020-08-31
⻑榮桂冠酒店(台中),Taichung,354,10974,0.26,1977.00,5546019,13398137,21520264,505.32,2805,2020-05-31
南⽅莊園渡假飯店,Taoyuan-Hsinchu-Miaoli,111,3330,0.17,4515.00,2551186,1949517,6090256,766.20,565,2020-04-30
裕元花園酒店,Taichung,149,4619,0.79,3020.32,10999991,27759056,43916890,2381.47,3642,2020-08-31
⾼雄國賓⼤飯店,Kaohsiung,453,13590,0.48,2026.00,13154813,24433819,38626029,968.02,6493,2020-06-30
洛碁⼤飯店花華本館,Taipei,112,3360,0.00,1029.00,15432,0,15432,4.63,15,2020-04-30
名人堂花園大飯店,Taoyuan-Hsinchu-Miaoli,128,3968,0.58,5141.16,11747552,18947640,39564907,2960.57,2285,2020-10-31
礁溪老爺⼤酒店,Scenery,197,6107,0.66,6371.00,25649970,17641095,53061657,4199.76,4026,2020-05-31
花蓮翰品酒店,Hualien,197,6107,0.59,3236.00,11667920,13865651,26593635,1910.86,3606,2020-01-31
兄弟大飯店,Taipei,250,7750,0.13,3019.11,2964766,40594008,48595458,382.55,982,2020-08-31
台中港酒店,Taichung,200,6000,0.82,2663.32,13095556,4080946,18140244,2182.59,4917,2020-09-30
豐邑喜來登大飯店,Taoyuan-Hsinchu-Miaoli,384,11904,0.15,2762.81,4934376,3619687,9299819,414.51,1786,2020-08-31
義華酒店,Taipei,149,4619,0.14,3046.00,1915934,91767,2502992,414.87,629,2020-05-31
福華⼤飯店,Taipei,606,17574,0.23,3410.00,13681000,20936000,46994000,778.50,4012,2020-02-29
國王⼤飯店,Taipei,97,3007,0.00,2130.00,14911,74790,130737,4.90,7,2020-05-31
全國⼤飯店,Taichung,178,5518,0.19,1851.00,1961717,4845488,8624663,355.58,1060,2020-03-31
華園⼤飯店,Kaohsiung,269,8339,0.12,1633.00,1593774,896527,5386936,191.06,976,2020-03-31
陽明山中國麗緻大飯店,Scenery,47,1410,0.42,3876.27,2271497,2061290,6491336,1610.99,586,2020-11-30
板橋凱撒⼤飯店,Others,400,12000,0.32,2728.00,10595533,7509750,18112689,883.05,3884,2020-06-30
瑞穗天合國際觀光酒店,Hualien,198,6138,0.48,5911.00,17331800,9650287,31282500,2823.68,2932,2020-05-31
墾丁福華渡假飯店,Scenery,458,14198,0.67,3853.37,36768825,11789177,49792342,2589.72,9542,2020-10-31
樂樂日暉溫泉酒店,Others,48,1488,0.45,2528.05,1693793,0,1693793,1138.30,670,2020-07-31
凱撒大飯店,Scenery,281,8711,1.00,6059.33,52637386,10026884,65243498,6042.63,8687,2020-10-31
美侖大飯店,Hualien,343,10633,0.61,2269.91,14736273,5749249,21070394,1385.90,6492,2020-07-31
高雄國賓大飯店,Kaohsiung,453,14043,0.64,2352.45,21023813,38041805,60611964,1497.10,8937,2020-10-31
豐邑喜來登大飯店,Taoyuan-Hsinchu-Miaoli,384,11904,0.12,2851.60,3963725,4270207,8901177,332.97,1390,2020-12-31
墾丁怡灣渡假酒店,Scenery,234,7020,0.38,2388.34,6362539,1101285,7748072,906.34,2664,2020-09-30
美麗春天⼤飯店,Others,34,986,0.09,2793.00,256917,29830,286747,260.59,92,2020-02-29
義大皇家酒店,Kaohsiung,656,20336,0.39,3527.14,28019618,24295496,55792671,1377.83,7944,2020-12-31
古華花園飯店,Taoyuan-Hsinchu-Miaoli,255,7905,0.25,2824.00,5667762,25567166,32483884,716.98,2007,2020-08-31
晶悅國際飯店,Taoyuan-Hsinchu-Miaoli,380,11400,0.00,2310.00,4620,1327235,1464579,0.46,2,2020-04-30
全國⼤飯店,Taichung,178,5340,0.30,2023.00,3277090,7194084,14425421,613.78,1620,2020-06-30
福華大飯店,Taipei,606,18180,0.22,2274.57,8955000,26440000,47518000,492.57,3937,2020-09-30
晶英國際行館,Kaohsiung,147,4557,0.41,6453.95,12197972,15595135,30778920,2676.75,1890,2020-08-31
台糖長榮酒店(台南),Others,197,6107,0.81,2628.90,13026197,19442871,34165275,2132.99,4955,2020-07-31
太魯閣晶英酒店,Scenery,160,4800,0.87,8457.53,35386303,10625434,50919990,7372.15,4184,2020-11-30
耐斯王子大飯店,Others,245,7350,0.56,2148.62,8903864,12513090,22443189,1211.41,4144,2020-09-30
涵碧樓大飯店,Scenery,96,2976,0.89,15308.83,40644945,8952811,55960976,13657.58,2655,2020-12-31
台北美福大飯店,Taipei,146,4380,0.31,4819.99,6482888,52933538,63880458,1480.11,1345,2020-11-30
長榮鳳凰酒店(礁溪),Others,231,6930,0.62,5299.17,22675137,18047188,47122734,3272.03,4279,2020-09-30
寒軒國際大飯店,Kaohsiung,380,11400,0.43,1763.91,8569065,13384086,22642312,751.67,4858,2020-09-30
美麗信花園酒店,Taipei,203,6293,0.53,1193.44,3950300,3303790,10600115,627.73,3310,2020-08-31
麗尊⼤酒店,Kaohsiung,188,5640,0.25,2476.00,3433914,7160403,11094782,608.85,1387,2020-06-30
綠舞國際觀光飯店,Others,104,3224,0.91,3591.71,10548852,5315771,19855610,3271.98,2937,2020-07-31
瑞穗天合國際觀光酒店,Hualien,198,5940,0.83,6830.00,33615694,16138481,56964083,5659.34,4922,2020-06-30
陽明⼭中國麗緻⼤飯店,Scenery,47,1410,0.37,3497.00,1804434,2106259,6245761,1279.90,516,2020-06-30
六福客棧,Taipei,230,7130,0.50,1727.80,6114675,0,6811489,857.60,3539,2020-08-31
澎湖福朋喜來登酒店,Others,331,9930,0.77,2752.00,21100072,17738199,43087436,2124.54,7666,2020-06-30
圓⼭⼤飯店,Taipei,500,15000,0.29,2606.00,11324332,38593239,61459524,754.96,4346,2020-06-30
裕元花園酒店,Taichung,149,4470,0.28,2586.00,3240647,8921808,14975768,724.86,1253,2020-04-30
美麗信花園酒店,Taipei,203,6293,0.18,1234.00,1433422,2130129,5475536,227.80,1162,2020-05-31
晶華酒店,Taipei,538,16678,0.75,5961.00,74087190,196615634,328566554,4442.14,12428,2020-01-31
台北寒舍喜來登⼤飯店,Taipei,688,21328,0.12,2799.00,7426029,65166273,83674712,348.20,2653,2020-05-31
亞都麗緻⼤飯店,Taipei,209,6061,0.34,3819.00,7843225,9748340,20659843,1294.26,2054,2020-02-29
名⼈堂花園⼤飯店,Taoyuan-Hsinchu-Miaoli,128,3968,0.20,6516.00,5297614,20189746,33820321,1335.13,813,2020-01-31
亞士都飯店,Taipei,40,1240,0.09,2416.07,275432,0,275432,222.12,114,2020-10-31
阿里山賓館,Scenery,35,1085,0.52,6167.38,3503071,0,3503071,3228.64,568,2020-08-31
⻄華⼤飯店,Taipei,343,9947,0.25,4290.00,10707515,10583339,23697264,1076.36,2496,2020-02-29
北投麗禧溫泉酒店,Taipei,66,1980,0.75,13172.46,19482071,10022156,38170415,9839.43,1479,2020-11-30
國賓大飯店,Taipei,422,13082,0.21,1939.05,5363421,66366900,76906325,409.98,2766,2020-08-31
亞士都飯店,Taipei,40,1200,0.09,2368.32,260515,0,260515,217.10,110,2020-11-30
鈺通大飯店,Others,120,3600,0.32,1757.72,1996765,4058937,6066708,554.66,1136,2020-09-30
大板根渡假酒店,Others,95,2945,0.99,6815.01,19838490,16198692,58043350,6736.33,2911,2020-12-31
康華⼤飯店,Taipei,215,6450,0.00,0.00,0,1874555,2238489,0.00,0,2020-04-30
台東桂田喜來登酒店,Others,278,8340,0.75,2542.55,15903644,18471746,36921153,1906.91,6255,2020-09-30
陸島酒店,Others,47,1457,0.61,1657.77,1470440,142480,1613890,1009.22,887,2020-10-31
娜路彎大酒店,Others,276,8556,0.81,3865.00,26653040,17156121,55680890,3115.13,6896,2020-10-31
⽇⽉⾏館,Scenery,92,2852,0.34,10427.00,9978793,3854301,13903713,3499.30,957,2020-01-31
瓏⼭林台北中和飯店,Others,126,3780,0.10,1978.00,717833,2074918,4055531,189.89,363,2020-06-30
香格⾥拉台南遠東國際⼤飯店,Others,331,9930,0.51,3494.00,17803832,14965284,36991726,1792.77,5095,2020-06-30
漢來大飯店,Kaohsiung,540,16740,0.58,2779.94,27076658,76269748,119868341,1617.48,9740,2020-10-31
美侖⼤飯店,Hualien,343,10290,0.46,1898.00,9037598,2884889,12150812,878.39,4762,2020-06-30
長榮桂冠酒店(基隆),Others,140,4200,0.82,2560.49,8792714,5580436,17792743,2093.50,3434,2020-09-30
洛碁⼤飯店花華本館,Taipei,112,3472,0.01,1766.00,44154,0,44154,12.72,25,2020-03-31
長榮桂冠酒店(基隆),Others,140,4340,0.74,2493.23,8060600,5564344,15596191,1857.28,3233,2020-12-31
阿里山賓館,Scenery,35,1085,0.54,5484.40,3219340,0,3219340,2967.13,587,2020-10-31
墾丁怡灣渡假酒店,Scenery,236,7080,0.08,2639.00,1557027,66161,1728338,219.83,590,2020-04-30
台南大員皇冠假日酒店,Others,231,7161,0.75,3777.42,20322511,20036278,44414152,2837.94,5380,2020-10-31
耐斯王子大飯店,Others,245,7595,0.68,2000.69,10391601,15439906,26985458,1368.22,5194,2020-08-31
礁溪老爺大酒店,Scenery,197,6107,0.84,8154.17,41814562,23969762,78153615,6846.99,5128,2020-12-31
香格里拉台北遠東國際大飯店,Taipei,420,13020,0.19,4694.27,11669947,36048822,56417657,896.31,2486,2020-07-31
台北寒舍喜來登⼤飯店,Taipei,688,21328,0.10,4421.00,9647513,42630108,61343760,452.27,2182,2020-03-31
麒麟大飯店,Others,167,5010,0.50,3642.04,9210722,2405926,11864570,1838.47,2529,2020-11-30
麗尊⼤酒店,Kaohsiung,188,5828,0.18,2028.00,2139272,7779492,10331608,367.07,1055,2020-05-31
⽇⽉⾏館,Scenery,92,2668,0.27,10000.00,7170000,1147861,8437224,2687.00,717,2020-02-29
福容大飯店 台北一館,Taipei,120,3720,0.13,2611.77,1308497,5594764,7525431,351.75,501,2020-08-31
綠舞國際觀光飯店,Others,104,3224,0.24,4336.00,3377610,2036794,6502948,1047.58,779,2020-05-31
桃園喜來登酒店,Taoyuan-Hsinchu-Miaoli,190,5700,0.06,2087.00,744973,1629493,2578807,130.65,357,2020-04-30
慶泰⼤飯店,Taipei,150,4650,0.64,2957.00,8869239,10310775,19650154,1906.97,2999,2020-01-31
老爺大酒店,Taipei,202,6060,0.43,2355.76,6193292,20601494,31071423,1022.00,2629,2020-11-30
台中金典酒店,Taichung,222,6660,0.63,2492.16,10521891,17801226,37177181,1579.86,4222,2020-09-30
華泰王⼦⼤飯店,Taipei,220,6820,0.05,2448.00,866439,4955978,7234985,127.05,354,2020-03-31
神旺⼤飯店,Taipei,268,7772,0.13,3059.00,3135713,19121208,23788337,403.48,1025,2020-02-29
阿⾥⼭賓館(新館),Scenery,104,3224,0.72,5816.00,13516905,7469925,21466439,4192.17,2324,2020-03-31
台中福華⼤飯店,Taichung,155,4650,0.28,2353.00,3047172,2579239,6349816,655.31,1295,2020-04-30
樂樂日暉溫泉酒店,Others,48,1440,0.29,2493.61,1034849,0,1034849,718.65,415,2020-11-30
美侖⼤飯店,Hualien,343,10633,0.24,1531.00,3895475,1699546,5735018,366.37,2545,2020-03-31
碧特弗大飯店,Others,54,1620,0.11,2697.20,498982,117764,616746,308.01,185,2020-11-30
新竹老爺大酒店,Taoyuan-Hsinchu-Miaoli,208,6448,0.52,2755.33,9285463,10804806,21355882,1440.05,3370,2020-07-31
福容⼤飯店台北一館,Taipei,120,3720,0.07,2287.00,553488,4927786,6056246,148.88,242,2020-05-31
娜路彎大酒店,Others,276,8556,0.89,4850.00,36806650,18766760,67487107,4301.85,7589,2020-07-31
台北君品⼤酒店,Taipei,286,8580,0.18,2672.00,4131191,36120303,43239980,481.49,1546,2020-06-30
亞⼠都飯店,Taipei,40,1200,0.06,1937.00,139480,0,139480,116.22,72,2020-04-30
義華酒店,Taipei,149,4321,0.02,4558.00,460358,147882,2899531,106.66,101,2020-02-29
天成⼤飯店,Taipei,225,6525,0.65,2913.00,12294649,11137395,24666567,1884.42,4221,2020-02-29
新⽵老爺⼤酒店,Taoyuan-Hsinchu-Miaoli,208,6448,0.57,3086.00,11315032,20870897,33554167,1755.01,3667,2020-01-31
台中福華大飯店,Taichung,155,4805,0.72,2558.08,8871415,7410175,19305772,1846.29,3468,2020-07-31
⽇⽉⾏館,Scenery,92,2852,0.16,10000.00,4620000,362216,5017302,1620.00,462,2020-03-31
尊爵大飯店,Taoyuan-Hsinchu-Miaoli,231,7161,0.23,3588.02,5938181,11460758,18441942,829.24,1655,2020-12-31
趣淘漫旅,Scenery,198,6138,0.88,3187.01,17295884,4620344,25009192,2817.84,5427,2020-07-31
耐斯王⼦⼤飯店,Others,245,7595,0.54,3031.00,12411156,20334557,34403361,1634.32,4095,2020-01-31
Total,Total,28409,880679,0.21,3134.07,591473292,1228739132,2203468309,671.61,188724,2020-05-31
龍⾕⼤飯店,Scenery,189,5670,0.07,1350.00,553574,263082,1042695,97.61,410,2020-04-30
新⽵老爺⼤酒店,Taoyuan-Hsinchu-Miaoli,208,6240,0.20,2867.00,3552727,4359494,8264359,569.39,1239,2020-04-30
蘭城晶英酒店,Others,193,5983,0.79,9075.14,43025229,43734731,96857563,7191.25,4741,2020-12-31
花蓮亞⼠都飯店,Hualien,167,5010,0.10,1385.00,720000,149957,877388,143.76,520,2020-04-30
⼤億麗緻酒店,Others,315,9135,0.44,3199.00,12845864,12818426,28694067,1405.96,4015,2020-02-29
麒麟大飯店,Others,167,5010,0.43,2765.71,5904792,2166468,8305513,1178.60,2135,2020-09-30
北投麗禧溫泉酒店,Taipei,66,2046,0.38,13314.67,10318872,6167082,20033627,5043.44,775,2020-08-31
耐斯王子大飯店,Others,245,7350,0.47,2133.16,7321004,10830588,19013433,996.05,3432,2020-11-30
歐華酒店,Taipei,112,3472,0.05,2603.00,471182,3778118,4747547,135.62,181,2020-05-31
龍谷大飯店,Scenery,189,5859,0.33,1742.06,3395271,1107952,5299637,579.50,1949,2020-12-31
國賓大飯店,Taipei,422,13082,0.25,2196.01,7046997,78662052,91929262,538.68,3209,2020-12-31
桃園喜來登酒店,Taoyuan-Hsinchu-Miaoli,190,5510,0.13,3003.00,2174335,3991256,6712949,394.59,724,2020-02-29
涵碧樓⼤飯店,Scenery,96,2784,0.66,13904.00,25735647,1476509,29252902,9244.77,1851,2020-02-29
台北寒舍艾美酒店,Taipei,160,4960,0.35,7992.74,14067223,72487139,95273565,2836.13,1760,2020-12-31
雲品溫泉酒店⽇⽉潭,Scenery,211,6330,0.68,8753.00,37673397,20476730,62743305,5951.16,4304,2020-06-30
幼獅⼤飯店,Others,55,1650,0.08,1963.00,266900,0,292500,161.75,136,2020-04-30
美麗春天⼤飯店,Others,34,1020,0.00,4320.00,8640,42155,50795,8.64,2,2020-04-30
凱撒⼤飯店,Scenery,281,8430,0.55,3995.00,18429191,3565506,23243805,2186.06,4613,2020-04-30
台北花園大酒店,Taipei,241,7230,0.37,1142.28,3072721,17225416,22508712,425.00,2690,2020-09-30
長榮桂冠酒店(台中),Taichung,354,10974,0.64,2300.86,16165842,20996533,41751153,1473.10,7026,2020-10-31
台東桂⽥喜來登酒店,Others,278,8340,0.59,2872.00,14129274,11694762,27982495,1693.91,4919,2020-06-30
蘭城晶英酒店,Others,193,5983,0.63,10184.00,38393452,47082027,95585612,6416.94,3770,2020-01-31
圓山大飯店,Taipei,470,14570,0.69,2743.09,27622931,54559512,94289139,1895.88,10070,2020-10-31
西華大飯店,Taipei,343,10633,0.25,2203.18,5743692,12510121,20693116,540.18,2607,2020-07-31
北投老爺酒店,Taipei,50,1550,0.71,3550.06,3926364,3819323,8967772,2533.14,1106,2020-08-31
娜路彎⼤酒店,Others,276,8280,0.26,3260.00,6911200,3919303,12578486,834.56,2120,2020-04-30
老爺大酒店,Taipei,202,6262,0.35,2589.84,5674344,18795923,28651511,906.16,2191,2020-07-31
阿⾥⼭賓館(新館),Scenery,104,3120,0.29,5848.00,5339009,2681874,8308173,1711.12,913,2020-04-30
亞都麗緻大飯店,Taipei,209,6479,0.31,2838.02,5755512,17191756,27909037,888.33,2028,2020-12-31
海灣藝術酒店,Taichung,226,7006,0.48,2053.51,6938810,1435200,8885735,990.41,3379,2020-12-31
台北有園飯店,Taipei,56,1680,0.36,2085.00,1244746,0,1667533,740.92,597,2020-09-30
名都觀光渡假大飯店,Scenery,97,3007,0.13,2310.89,901248,2079429,3079713,299.72,390,2020-12-31
悅川酒店,Others,103,3090,0.73,3541.10,8041837,5245124,13286961,2602.54,2271,2020-09-30
凱撒大飯店,Scenery,281,8430,0.92,4579.55,35523562,8003624,45622249,4213.95,7757,2020-11-30
花蓮亞⼠都飯店,Hualien,167,4843,0.20,1479.00,1418649,690000,2132654,292.84,959,2020-02-29
涵碧樓大飯店,Scenery,96,2976,0.89,15479.83,40789345,9394693,57373228,13706.10,2635,2020-08-31
歐華酒店,Taipei,112,3360,0.08,2509.00,652360,3512437,4613768,194.20,260,2020-06-30
古華花園飯店,Taoyuan-Hsinchu-Miaoli,255,7905,0.25,2700.00,5233532,11046533,16858577,662.04,1938,2020-05-31
全國⼤飯店,Taichung,178,5340,0.16,1710.00,1477139,4031082,9508353,276.68,864,2020-04-30
蘭城晶英酒店,Others,193,5790,0.11,9109.00,6057724,18787756,27738236,1046.62,665,2020-04-30
台北諾富特華航桃園機場飯店,Taoyuan-Hsinchu-Miaoli,516,15996,0.38,3013.73,18314425,10487398,33059919,1144.94,6077,2020-08-31
漢來⼤飯店,Kaohsiung,535,15515,0.39,2796.00,16824872,44412937,72364512,1084.29,6017,2020-02-29
名都觀光渡假大飯店,Scenery,97,2910,0.16,2092.10,968644,1782850,2813113,332.87,463,2020-11-30
台北美福大飯店,Taipei,146,4526,0.42,4453.36,8528192,57782908,70677571,1884.27,1915,2020-08-31
北投麗禧溫泉酒店,Taipei,66,1980,0.13,14503.00,3741791,2392379,10314591,1889.74,258,2020-04-30
寒舍艾麗酒店,Taipei,235,7285,0.30,3001.00,6515835,4963440,12998360,894.30,2171,2020-03-31
古華花園飯店,Taoyuan-Hsinchu-Miaoli,255,7650,0.67,2322.79,11855517,16227432,29062287,1549.74,5104,2020-11-30
太魯閣晶英酒店,Scenery,160,4960,0.60,7041.00,21074097,7162455,31067710,4248.54,2993,2020-03-31
長榮鳳凰酒店(礁溪),Others,231,7161,0.83,6228.64,36854858,21436424,66638298,5146.61,5917,2020-08-31
老爺大酒店,Taipei,202,6060,0.34,2384.04,4911126,18026389,26857851,810.42,2060,2020-09-30
麗尊大酒店,Kaohsiung,188,5828,0.51,2063.00,6168370,17028568,23692439,1058.40,2990,2020-12-31
六福客棧,Taipei,230,7130,0.25,990.85,1795420,0,1974706,251.81,1812,2020-12-31
神旺大飯店,Taipei,268,8040,0.03,3059.39,718957,19992085,21880402,89.42,235,2020-11-30
耐斯王⼦⼤飯店,Others,245,7595,0.17,2138.00,2691396,4435385,7499050,354.48,1259,2020-03-31
鈺通⼤飯店,Others,120,3720,0.34,2177.00,2774132,9819915,12619573,745.62,1274,2020-01-31
天成大飯店,Taipei,225,6975,0.61,1592.90,6744318,23858047,32646729,966.93,4234,2020-10-31
⾼雄圓⼭⼤飯店,Scenery,107,3317,0.17,2271.00,1278652,5423752,7654369,385.39,563,2020-05-31
西華大飯店,Taipei,343,10633,0.26,3278.96,9085988,19353585,31404625,854.51,2771,2020-12-31
鈺通大飯店,Others,120,3720,0.37,2120.57,2934869,6170255,9129466,788.94,1384,2020-08-31
第一大飯店,Taipei,176,5456,0.06,1304.88,459317,3453854,18553370,84.19,352,2020-07-31
陽明⼭中國麗緻⼤飯店,Scenery,47,1410,0.22,3186.00,1006832,1352989,3645213,713.98,316,2020-04-30
台北寒舍艾美酒店,Taipei,160,4800,0.11,5487.00,2864025,13427401,26462750,596.99,522,2020-04-30
美麗春天大飯店,Others,34,1054,0.11,2907.92,346042,137472,483514,328.31,119,2020-12-31
台糖長榮酒店(台南),Others,197,5910,0.71,2328.30,9720670,21151032,32424897,1644.78,4175,2020-11-30
台北諾富特華航桃園機場飯店,Taoyuan-Hsinchu-Miaoli,516,15480,0.34,3542.99,18806211,11706049,34219595,1214.87,5308,2020-11-30
台北凱撒大飯店,Taipei,478,14818,0.52,2203.36,17082628,24728088,46499103,1152.83,7753,2020-12-31
新⽵國賓⼤飯店,Taoyuan-Hsinchu-Miaoli,257,7710,0.35,2516.00,6738946,24690620,34253480,873.81,2678,2020-06-30
新竹老爺大酒店,Taoyuan-Hsinchu-Miaoli,208,6240,0.45,2456.86,6859541,10281812,17820583,1099.29,2792,2020-11-30
香格里拉台南遠東國際大飯店,Others,331,10261,0.68,3907.70,27193656,26249400,59908837,2650.20,6959,2020-10-31
礁溪老爺⼤酒店,Scenery,197,6107,0.79,9048.00,43674245,25126828,80726605,7151.54,4827,2020-01-31
陽明⼭中國麗緻⼤飯店,Scenery,47,1457,0.44,5534.00,3535927,3644132,10347360,2427.21,639,2020-01-31
兄弟大飯店,Taipei,250,7750,0.19,2422.30,3631034,36197200,44190199,468.52,1499,2020-10-31
華泰王子大飯店,Taipei,202,6060,0.20,1550.10,1883373,8170477,12228316,310.79,1215,2020-11-30
天成大飯店,Taipei,225,6750,0.49,1526.73,5093183,19145811,26284194,754.55,3336,2020-09-30
晶華酒店,Taipei,538,16678,0.59,4110.66,40732516,127061957,220374317,2442.29,9909,2020-08-31
漢來⼤飯店,Kaohsiung,535,16050,0.11,2822.00,4955533,24377241,37297196,308.73,1756,2020-04-30
慶泰⼤飯店,Taipei,150,4350,0.28,2822.00,3437165,4092501,7878098,790.16,1218,2020-02-29
台南⼤員皇冠假⽇酒店,Others,231,7161,0.43,2604.00,8024176,7217055,17190019,1120.76,3082,2020-03-31
碧特弗⼤飯店,Others,54,1674,0.04,2297.00,156222,44703,200925,93.26,68,2020-05-31
⾼雄福華⼤飯店,Kaohsiung,271,8401,0.71,2760.00,16429121,34432379,54163456,1955.46,5952,2020-01-31
遠百企業觀光旅館,Others,40,1200,0.02,1000.00,18000,0,18000,15.00,18,2020-04-30
瓏⼭林台北中和飯店,Others,126,3654,0.12,2379.00,1073077,1481277,3129399,293.57,451,2020-02-29
⼤億麗緻酒店,Others,315,9765,0.24,2911.00,6944835,7259761,16313717,711.16,2386,2020-03-31
三德大飯店,Taipei,287,8897,0.30,1109.23,2967196,206757,7450617,333.51,2675,2020-07-31
台中福華大飯店,Taichung,155,4805,0.72,2737.47,9422384,11183855,24411241,1960.95,3442,2020-10-31
寶華大飯店,Others,78,2340,0.51,2117.17,2546953,34200,2583153,1088.44,1203,2020-09-30
台北有園飯店,Taipei,56,1736,0.41,2212.41,1559751,0,2201018,898.47,705,2020-08-31
台中福華大飯店,Taichung,155,4805,0.79,2625.29,9973486,8814116,23053160,2075.65,3799,2020-08-31
合尊酒店 S Hotel,Taipei,101,3131,0.60,3481.19,6575970,2024906,9483087,2100.28,1889,2020-12-31
台中金典酒店,Taichung,222,6882,0.58,2763.32,11069860,18892092,40410379,1608.52,4006,2020-12-31
麒麟大飯店,Others,167,5177,0.59,3184.33,9801354,3364648,13397642,1893.25,3078,2020-07-31
陽明山中國麗緻大飯店,Scenery,47,1457,0.48,3857.45,2696356,2803434,7793830,1850.62,699,2020-08-31
晶悅國際飯店,Taoyuan-Hsinchu-Miaoli,380,11780,0.03,1946.00,607083,1384221,2152168,51.57,312,2020-03-31
首都大飯店,Taipei,129,3870,0.00,,0,447851,1082227,,0,2020-11-30
台中港酒店,Taichung,200,6000,0.36,2472.00,5298357,665282,6362911,883.00,2143,2020-04-30
神旺大飯店,Taipei,268,8308,0.03,2555.44,666969,22085024,24078322,80.28,261,2020-08-31
寶華⼤飯店,Others,78,2340,0.04,1374.00,138798,1560,142358,59.36,101,2020-04-30
第一大飯店,Taipei,176,5280,0.19,1146.24,1119872,3149055,23453532,212.10,977,2020-09-30
國聯大飯店,Taipei,243,7533,0.41,1525.05,4729189,598131,5875471,627.80,3101,2020-12-31
晶華酒店,Taipei,538,16678,0.66,3286.91,36303963,127561450,184468300,2176.76,11045,2020-10-31
⾸都⼤飯店,Taipei,129,3999,0.08,2102.00,678900,1331914,2543521,169.84,323,2020-05-31
義華酒店,Taipei,149,4619,0.14,4336.00,2831408,221080,8582531,613.11,653,2020-01-31
瑞穗天合國際觀光酒店,Hualien,198,6138,0.93,8582.25,49047572,23864428,84826183,7990.81,5715,2020-08-31
福容⼤飯店⾼雄,Kaohsiung,250,7500,0.13,1744.00,1733344,899625,2632969,231.08,994,2020-04-30
台北中⼭雅樂軒酒店,Taipei,88,2640,0.28,2064.00,1498454,424456,2123016,567.60,726,2020-06-30
老爺⼤酒店,Taipei,202,5858,0.49,4494.00,12838319,14802727,32235803,2191.72,2857,2020-02-29
台中⾦典酒店,Taichung,222,6882,0.26,2399.00,4250695,6861377,15992098,617.74,1772,2020-03-31
娜路彎大酒店,Others,276,8280,0.68,3503.18,19607272,13151416,37099719,2368.03,5597,2020-11-30
台南大飯店,Others,152,4560,0.48,2007.03,4395392,5990262,11082721,963.90,2190,2020-09-30
名人堂花園大飯店,Taoyuan-Hsinchu-Miaoli,128,3968,0.62,5125.11,12597515,19782332,40559612,3174.78,2458,2020-07-31
Total,Total,27977,839310,0.47,3281.58,1290354867,1983183003,3749750410,1537.40,393212,2020-09-30
豐邑喜來登大飯店,Taoyuan-Hsinchu-Miaoli,384,11520,0.16,2102.89,3755753,1836759,6227273,326.02,1786,2020-09-30
台北中山雅樂軒酒店,Taipei,88,2728,0.51,1886.87,2603886,779386,3727090,954.50,1380,2020-07-31
豪景⼤酒店,Taipei,209,6270,0.01,766.00,41350,0,286350,6.59,54,2020-04-30
⻑榮鳳凰酒店(礁溪),Others,231,7161,0.29,4518.00,9410735,8227499,21700041,1314.29,2083,2020-03-31
趣淘漫旅,Scenery,198,6138,0.89,2882.43,15703482,3776666,21530259,2558.40,5448,2020-10-31
洛碁⼤飯店花華本館,Taipei,112,3360,0.00,1515.00,16662,0,19805,5.00,11,2020-06-30
台北君悅酒店,Taipei,850,26350,0.08,4385.00,9055886,53151528,72244671,343.78,2065,2020-05-31
桃園喜來登酒店,Taoyuan-Hsinchu-Miaoli,190,5890,0.53,1689.44,5232182,10644487,17392722,888.32,3097,2020-12-31
名⼈堂花園⼤飯店,Taoyuan-Hsinchu-Miaoli,128,3840,0.10,4849.00,1920351,6038228,11542630,499.93,396,2020-04-30
台北諾富特華航桃園機場飯店,Taoyuan-Hsinchu-Miaoli,516,15996,0.20,2981.78,9476098,7356671,18949475,592.40,3178,2020-07-31
新⽵喜來登⼤飯店,Taoyuan-Hsinchu-Miaoli,386,11580,0.30,2253.00,7837385,11578922,21964032,676.80,3479,2020-04-30
瑞穗天合國際觀光酒店,Hualien,198,5940,0.84,7698.85,38347976,17672866,64664667,6455.89,4981,2020-11-30
洛碁⼤飯店花華本館,Taipei,112,3472,0.75,1937.00,5041554,0,5041554,1452.17,2603,2020-01-31
第一大飯店,Taipei,176,5456,0.26,1308.97,1883608,3156349,24425201,345.24,1439,2020-12-31
日月行館,Scenery,92,2852,0.29,13638.61,11360963,6232060,18014774,3983.51,833,2020-12-31
福容大飯店 福隆,Scenery,174,5220,0.52,3733.85,10223274,7651390,18035452,1958.48,2738,2020-09-30
國聯⼤飯店,Taipei,243,7533,0.20,1110.00,1676360,371168,2280459,222.56,1510,2020-05-31
福容大飯店 福隆,Scenery,174,5394,0.63,5318.72,18078333,9258049,28299517,3351.56,3399,2020-08-31
耐斯王子大飯店,Others,245,7595,0.46,2260.55,7891566,11965137,20944534,1039.05,3491,2020-12-31
台北美福大飯店,Taipei,146,4526,0.40,4800.31,8611754,54601910,67712290,1902.73,1794,2020-10-31
台北美福大飯店,Taipei,146,4526,0.36,5432.77,8882580,76068705,91549037,1962.57,1635,2020-12-31
寶華⼤飯店,Others,78,2262,0.04,1127.00,92398,2160,96558,40.91,82,2020-02-29
雲品溫泉酒店⽇⽉潭,Scenery,211,6541,0.81,10106.00,53681626,27048294,86155509,8207.08,5312,2020-01-31
華泰王子大飯店,Taipei,220,6820,0.21,1238.33,1746039,8284034,12047564,256.02,1410,2020-07-31
福華⼤飯店,Taipei,606,18786,0.07,3220.00,4061000,15236000,31190000,216.06,1261,2020-03-31
福容大飯店 台北一館,Taipei,120,3720,0.25,2902.51,2681917,10192088,13908599,720.95,924,2020-12-31
慶泰大飯店,Taipei,150,4650,0.00,,0,2129061,2394585,,0,2020-08-31
亞⼠都飯店,Taipei,40,1240,0.09,2173.00,239082,0,239082,192.75,110,2020-05-31
阿里山賓館(新館),Scenery,104,3120,0.88,4808.29,13208365,9096009,22695721,4233.45,2747,2020-09-30
蘭城晶英酒店,Others,193,5597,0.52,8776.00,25458739,29554261,61675130,4548.60,2901,2020-02-29
香格⾥拉台南遠東國際⼤飯店,Others,331,10261,0.34,3063.00,10728536,13435606,27314249,1045.71,3503,2020-05-31
新⽵喜來登⼤飯店,Taoyuan-Hsinchu-Miaoli,386,11966,0.33,2303.00,9101082,20038848,32523186,760.45,3951,2020-05-31
義⼤皇家酒店,Kaohsiung,656,19680,0.06,2656.00,3123592,3802617,7990518,158.83,1176,2020-04-30
福容大飯店 福隆,Scenery,174,5394,0.65,4581.12,16052260,9263608,25920136,2975.95,3504,2020-07-31
桃園喜來登酒店,Taoyuan-Hsinchu-Miaoli,190,5890,0.28,1633.23,2714426,7973898,11721334,460.85,1662,2020-07-31
陸島酒店,Others,47,1457,0.08,1734.00,197645,14560,212355,135.60,114,2020-01-31
福容大飯店 林口,Taoyuan-Hsinchu-Miaoli,149,4470,0.45,2409.90,4814979,1624315,6472487,1077.18,1998,2020-11-30
西華大飯店,Taipei,343,10290,0.23,2598.84,6091682,12497104,20728064,592.00,2344,2020-11-30
蘭城晶英酒店,Others,193,5983,0.91,9461.75,51698978,54832712,119108813,8640.98,5464,2020-07-31
新竹國賓大飯店,Taoyuan-Hsinchu-Miaoli,257,7967,0.45,2977.09,10589523,31405144,45662146,1329.17,3557,2020-10-31
雲品溫泉酒店⽇⽉潭,Scenery,211,6541,0.42,8258.00,22815500,14564607,40236900,3488.18,2763,2020-05-31
漢來⼤飯店,Kaohsiung,535,16585,0.19,2687.00,8461609,32049090,49973789,510.26,3149,2020-03-31
麒麟大飯店,Others,167,5177,0.58,3712.82,11131049,3347856,14713017,2150.10,2998,2020-10-31
美麗信花園酒店,Taipei,203,6293,0.45,1609.28,4588067,3762743,11613251,729.07,2851,2020-12-31
阿⾥⼭賓館(新館),Scenery,104,3016,0.70,4821.00,10230265,7024343,18011858,3392.06,2122,2020-02-29
台南大飯店,Others,152,4712,0.59,2237.19,6210440,7937096,15171042,1318.01,2776,2020-10-31
福容大飯店 林口,Taoyuan-Hsinchu-Miaoli,149,4619,0.25,2543.01,2893940,1283812,4188665,626.53,1138,2020-07-31
瑞穗天合國際觀光酒店,Hualien,198,6138,0.32,5727.00,11076745,6689988,20596570,1804.58,1934,2020-03-31
台北寒舍艾美酒店,Taipei,160,4960,0.14,6005.00,4305429,16765934,29228505,868.32,717,2020-03-31
華泰王子大飯店,Taipei,220,6600,0.18,1506.68,1803498,8897566,12857321,273.26,1197,2020-09-30
台北萬豪酒店,Taipei,318,9858,0.12,4876.00,5787537,24365320,38993433,587.07,1187,2020-03-31
台北中山雅樂軒酒店,Taipei,88,2640,0.58,2181.02,3352235,773187,4596404,1269.79,1537,2020-09-30
台東桂田喜來登酒店,Others,278,8618,0.77,2943.67,19551876,22351041,44958293,2268.73,6642,2020-10-31
歐華酒店,Taipei,112,3360,0.11,2424.52,860703,6614679,8029728,256.16,355,2020-09-30
福容大飯店 林口,Taoyuan-Hsinchu-Miaoli,149,4470,0.44,2466.71,4866819,1574279,6448932,1088.77,1973,2020-09-30
美麗春天⼤飯店,Others,34,1054,0.04,2303.00,99043,59259,158302,93.96,43,2020-05-31
新竹國賓大飯店,Taoyuan-Hsinchu-Miaoli,257,7967,0.55,2250.83,9939665,31526368,44535582,1247.60,4416,2020-08-31
花蓮翰品酒店,Hualien,197,5910,0.39,2174.00,4957077,2471717,7671027,838.73,2280,2020-04-30
長榮鳳凰酒店(礁溪),Others,231,7161,0.66,6060.70,28782245,20595982,58453479,4019.31,4749,2020-12-31
寒舍艾麗酒店,Taipei,235,7050,0.43,3562.07,10686215,12506036,25886500,1515.78,3000,2020-09-30
福容⼤飯店⾼雄,Kaohsiung,250,7750,0.53,2493.00,10266992,6318649,16611459,1324.78,4118,2020-01-31
福容⼤飯店台北一館,Taipei,120,3720,0.07,2361.00,630349,3152926,4185030,169.52,267,2020-03-31
寒舍艾麗酒店,Taipei,235,7285,0.43,2856.00,8957680,3350148,13990348,1229.51,3136,2020-05-31
悅川酒店,Others,103,3193,0.84,4112.53,11021569,7439885,18461454,3451.79,2680,2020-08-31
全國大飯店,Taichung,178,5340,0.37,2213.03,4330898,7834624,15928315,811.03,1957,2020-09-30
全國大飯店,Taichung,178,5518,0.45,2098.73,5213234,12194016,19578790,944.77,2484,2020-12-31
國聯大飯店,Taipei,243,7533,0.26,1429.24,2834189,577669,3772061,376.24,1983,2020-07-31
⽇⽉⾏館,Scenery,92,2760,0.32,13304.00,11813631,780877,12733754,4279.90,888,2020-06-30
阿里山賓館,Scenery,35,1050,0.52,5199.97,2839181,0,2839181,2703.98,546,2020-11-30
陽明山中國麗緻大飯店,Scenery,47,1410,0.36,3724.84,1884771,1770128,6150687,1336.72,506,2020-09-30
蘭城晶英酒店,Others,193,5983,0.95,10109.31,57441127,64655079,135192368,9600.72,5682,2020-08-31
遠百企業觀光旅館,Others,40,1240,0.03,1019.05,42800,0,42800,34.52,42,2020-08-31
知本老爺⼤酒店,Scenery,182,5642,0.64,3770.00,13555404,6942229,23031574,2403.00,3596,2020-05-31
台北諾富特華航桃園機場飯店,Taoyuan-Hsinchu-Miaoli,516,15996,0.78,2741.00,34219611,27197161,67254894,2139.08,12483,2020-01-31
三德⼤飯店,Taipei,287,8610,0.25,1022.00,2210096,203877,6400442,256.62,2162,2020-06-30
北投老爺酒店,Taipei,50,1450,0.36,7057.00,3662724,2616785,7038580,2525.70,519,2020-02-29
新竹老爺大酒店,Taoyuan-Hsinchu-Miaoli,208,6448,0.52,2665.88,8960033,18362896,28180356,1389.58,3361,2020-10-31
南方莊園渡假飯店,Taoyuan-Hsinchu-Miaoli,111,3441,0.65,3085.38,6939020,14355046,26964360,2016.57,2249,2020-08-31
六福客棧,Taipei,230,6900,0.07,1053.00,535145,2273526,3087938,77.50,508,2020-04-30
義⼤皇家酒店,Kaohsiung,656,20336,0.14,2048.00,5754766,5458899,12899676,283.03,2810,2020-05-31
圓⼭⼤飯店,Taipei,500,14500,0.30,3581.00,15407007,21302809,43011231,1062.84,4303,2020-02-29
太魯閣晶英酒店,Scenery,160,4960,0.60,7784.00,23335923,7484155,34187533,4704.65,2998,2020-05-31
新⽵國賓⼤飯店,Taoyuan-Hsinchu-Miaoli,257,7710,0.12,2378.00,2185674,13243968,17780693,283.46,919,2020-04-30
太魯閣晶英酒店,Scenery,160,4640,0.67,7833.00,24274737,8346559,36236551,5231.66,3099,2020-02-29
台中⾦典酒店,Taichung,222,6882,0.65,3646.00,16399514,31514519,60314699,2383.03,4498,2020-01-31
天成大飯店,Taipei,225,6975,0.45,1735.63,5434273,18288786,25686933,779.11,3131,2020-08-31
神旺大飯店,Taipei,268,8308,0.04,3027.51,911281,22586805,24904021,109.69,301,2020-12-31
南方莊園渡假飯店,Taoyuan-Hsinchu-Miaoli,111,3441,0.55,3025.71,5715573,17188357,27289300,1661.02,1889,2020-12-31
漢來⼤飯店,Kaohsiung,535,16050,0.38,2656.00,16264223,46328127,85209496,1013.53,6124,2020-06-30
福華⼤飯店,Taipei,606,18180,0.04,2767.00,1821000,14636000,26934000,100.17,658,2020-04-30
台北W飯店,Taipei,405,12150,0.27,6390.41,21145851,34644987,62201433,1740.40,3309,2020-09-30
蘭城晶英酒店,Others,193,5790,0.70,9041.18,36616783,42963671,88138955,6324.14,4050,2020-09-30
⾸都⼤飯店,Taipei,129,3999,0.13,1652.00,847551,1026223,2392654,211.95,513,2020-03-31
漢來大飯店,Kaohsiung,535,16050,0.62,2561.16,25396475,68075319,107874757,1582.33,9916,2020-11-30
台北寒舍艾美酒店,Taipei,160,4960,0.32,5569.77,8783529,47296380,62447861,1770.87,1577,2020-08-31
香格⾥拉台北遠東國際⼤飯店,Taipei,420,12180,0.27,5235.00,17481119,27270953,52845797,1434.91,3339,2020-02-29
福容⼤飯店福隆,Scenery,174,5220,0.50,4254.00,11199984,6798003,18289226,2145.72,2633,2020-06-30
涵碧樓⼤飯店,Scenery,96,2976,0.70,14203.00,29640658,6531247,40062453,9960.56,2087,2020-01-31
板橋凱撒大飯店,Others,400,12400,0.40,3144.18,15475633,8792742,24272664,1248.03,4922,2020-07-31
福容⼤飯店淡⽔漁⼈碼頭,Others,198,6138,0.27,3097.00,5183919,8931175,15140657,844.55,1674,2020-05-31
福容⼤飯店⾼雄,Kaohsiung,250,7500,0.39,2157.00,6290739,2940983,9251052,838.64,2916,2020-06-30
和逸飯店桃園青埔館,Taoyuan-Hsinchu-Miaoli,218,6540,0.00,0.00,0,0,0,0.00,0,2020-06-30
墾丁福華渡假飯店,Scenery,458,14198,0.40,2769.58,15592736,6785759,23116958,1098.23,5630,2020-12-31
瓏山林台北中和飯店,Others,126,3780,0.16,1980.83,1218208,3019968,4864010,322.28,615,2020-11-30
阿⾥⼭賓館(新館),Scenery,104,3120,0.88,4401.00,12114952,7538846,20192411,3883.44,2753,2020-06-30
義華酒店,Taipei,149,4470,0.17,2838.00,2159718,130025,2546358,483.16,761,2020-09-30
台中福華⼤飯店,Taichung,155,4805,0.22,2324.00,2442448,3893940,7429660,508.26,1051,2020-03-31
台北中山雅樂軒酒店,Taipei,88,2728,0.67,2331.79,4248515,1062087,5897536,1557.37,1822,2020-12-31
尊爵大飯店,Taoyuan-Hsinchu-Miaoli,231,6930,0.24,3408.55,5566170,6610851,12669470,803.20,1633,2020-11-30
兄弟大飯店,Taipei,250,7500,0.08,2933.08,1739316,34206007,39988450,231.91,593,2020-09-30
香格里拉台北遠東國際大飯店,Taipei,420,13020,0.24,4534.69,14179970,39211907,62101968,1089.09,3127,2020-10-31
裕元花園酒店,Taichung,149,4321,0.50,2845.00,6157639,14579645,24125170,1424.78,2164,2020-02-29
⾸都⼤飯店,Taipei,129,3870,0.05,2368.00,483157,948333,1963477,124.79,204,2020-06-30
知本老爺大酒店,Scenery,182,5460,0.89,4247.48,20608764,12297214,37069277,3774.50,4852,2020-09-30
美麗信花園酒店,Taipei,203,6090,0.28,1294.00,2174551,2904783,7420313,357.01,1680,2020-06-30
麗尊大酒店,Kaohsiung,188,5828,0.32,2379.77,4369252,8923874,13974972,749.70,1836,2020-07-31
耐斯王⼦⼤飯店,Others,245,7350,0.37,2231.00,6059386,9761051,16790491,824.35,2716,2020-06-30
台北中山雅樂軒酒店,Taipei,88,2640,0.58,2193.64,3367240,645757,4483984,1275.47,1535,2020-11-30
阿里山賓館(新館),Scenery,104,3224,0.94,5687.84,17171580,12260903,29893949,5326.17,3019,2020-07-31
台北君悅酒店,Taipei,850,26350,0.09,4912.00,12097523,40321091,62253449,459.27,2463,2020-03-31
國聯⼤飯店,Taipei,243,7533,0.08,1668.00,989102,281740,1423960,131.27,593,2020-03-31
瓏⼭林台北中和飯店,Others,126,3906,0.37,2490.00,3568161,8469266,13899970,913.58,1433,2020-01-31
台東桂田喜來登酒店,Others,278,8618,0.74,3476.43,22120517,16341972,41848856,2566.78,6363,2020-07-31
新⽵國賓⼤飯店,Taoyuan-Hsinchu-Miaoli,257,7967,0.21,2396.00,3981935,22059222,29622954,499.81,1662,2020-05-31
北投老爺酒店,Taipei,50,1550,0.82,4763.19,6068305,4538153,12086266,3915.04,1274,2020-10-31
台北凱撒大飯店,Taipei,478,14818,0.50,2096.83,15397007,18277527,37740660,1039.07,7343,2020-10-31
麒麟大飯店,Others,167,5177,0.45,2958.13,6957515,2190572,9397673,1343.93,2352,2020-12-31
寒舍艾麗酒店,Taipei,235,7285,0.60,6363.00,28040272,24271343,57902942,3848.98,4407,2020-01-31
香格⾥拉台南遠東國際⼤飯店,Others,331,9599,0.55,3355.00,17647890,14330337,36071929,1838.54,5260,2020-02-29
⾼雄國賓⼤飯店,Kaohsiung,453,14043,0.31,1814.00,7782874,19501024,28388056,554.18,4290,2020-05-31
福容⼤飯店台北一館,Taipei,120,3600,0.06,2053.00,445565,2948173,3771982,123.80,217,2020-04-30
墾丁怡灣渡假酒店,Scenery,234,7254,0.52,3448.35,13014066,536434,14151598,1794.05,3774,2020-08-31
⾼雄國賓⼤飯店,Kaohsiung,453,13590,0.22,1940.00,5866836,9793166,16288340,431.65,3024,2020-04-30
全國⼤飯店,Taichung,178,5162,0.40,1974.00,4038283,5636507,11209187,782.49,2046,2020-02-29
古華花園飯店,Taoyuan-Hsinchu-Miaoli,255,7650,0.26,3312.00,6593564,14208503,21631307,862.11,1991,2020-06-30
福容⼤飯店桃園,Taoyuan-Hsinchu-Miaoli,182,5642,0.12,1949.00,1290070,2364613,3957493,228.62,662,2020-05-31
新⽵喜來登⼤飯店,Taoyuan-Hsinchu-Miaoli,386,11966,0.72,3730.00,31946505,63405371,106386350,2669.93,8565,2020-01-31
鈺通大飯店,Others,120,3720,0.25,2074.94,1902716,5926111,7841177,511.48,917,2020-12-31
瑞穗天合國際觀光酒店,Hualien,198,6138,0.82,7618.05,38532080,18765625,66516844,6277.63,5058,2020-12-31
大板根渡假酒店,Others,95,2945,0.99,4925.03,14321996,18456426,56206360,4863.16,2908,2020-08-31
台中⾦典酒店,Taichung,222,6882,0.34,2359.00,5444700,9188326,19564982,791.21,2308,2020-05-31
古華花園飯店,Taoyuan-Hsinchu-Miaoli,255,7395,0.53,2657.00,10395276,9809904,21172547,1405.82,3913,2020-02-29
台南大飯店,Others,152,4712,0.50,2038.42,4755626,8216240,14215333,1009.26,2333,2020-12-31
台中福華⼤飯店,Taichung,155,4650,0.58,2470.00,6680429,6551841,15204812,1436.80,2705,2020-06-30
墾丁怡灣渡假酒店,Scenery,236,7316,0.17,3220.00,4079895,272299,4843034,557.70,1267,2020-01-31
碧特弗大飯店,Others,54,1620,0.09,2693.38,385153,94369,479522,237.75,143,2020-09-30
圓山大飯店,Taipei,473,14663,0.46,2622.22,17875680,40955749,71812142,1219.10,6817,2020-07-31
台糖長榮酒店(台南),Others,197,6107,0.81,2866.91,14205526,22774425,38567616,2326.11,4955,2020-08-31
台北寒舍喜來登大飯店,Taipei,688,21328,0.35,3125.97,23647968,78215749,116050170,1108.78,7565,2020-08-31
馥藝金鬱金香酒店,Taoyuan-Hsinchu-Miaoli,191,5921,0.49,2210.37,6460912,5067830,11801396,1091.19,2923,2020-12-31
樂樂日暉溫泉酒店,Others,48,1488,0.22,2506.32,802023,0,802023,538.99,320,2020-12-31
遠雄悅來大飯店,Hualien,381,11811,0.95,3578.33,40263324,21969203,74279743,3408.97,11252,2020-07-31
華園⼤飯店,Kaohsiung,269,8070,0.29,1464.00,3401344,2106286,5842139,421.49,2323,2020-06-30
福容⼤飯店⾼雄,Kaohsiung,250,7750,0.17,1756.00,2327223,1676569,4004353,300.28,1325,2020-05-31
歐華酒店,Taipei,112,3472,0.32,3405.00,3755558,6137198,10924046,1081.77,1103,2020-01-31
⽇勝⽣加賀屋國際溫泉飯店,Taipei,90,2610,0.43,7046.00,7820982,6576931,20575575,2996.66,1110,2020-02-29
⾸都⼤飯店,Taipei,129,3870,0.07,1762.00,491725,574152,1587090,127.04,279,2020-04-30
⾼雄國賓⼤飯店,Kaohsiung,453,14043,0.20,2077.00,5887923,14399728,21073756,419.35,2835,2020-03-31
尊爵天際⼤飯店,Taoyuan-Hsinchu-Miaoli,250,7750,0.77,2292.00,13614272,23872703,37933774,1756.36,5939,2020-01-31
美侖⼤飯店,Hualien,343,10633,0.35,1492.00,5529588,2004313,7698344,519.96,3706,2020-05-31
台糖長榮酒店(台南),Others,197,5910,0.66,2449.71,9495069,19022854,32892114,1606.61,3876,2020-09-30
台中港酒店,Taichung,200,5800,0.38,2573.00,5613619,815024,6999402,967.96,2182,2020-02-29
裕元花園酒店,Taichung,149,4619,0.35,2544.00,4113962,16719245,24526387,890.65,1617,2020-05-31
長榮桂冠酒店(台中),Taichung,354,10974,0.57,2169.59,13477498,23713410,41725011,1228.13,6212,2020-12-31
福容⼤飯店福隆,Scenery,174,5046,0.16,3053.00,2460762,1898984,4416344,487.56,806,2020-02-29
神旺大飯店,Taipei,268,8308,0.03,2699.51,588494,21716546,23616338,70.83,218,2020-07-31
⽇勝⽣加賀屋國際溫泉飯店,Taipei,90,2700,0.54,4303.00,6321061,6123670,15178984,2341.26,1469,2020-06-30
國王大飯店,Taipei,97,3007,0.02,2157.11,155312,191757,394271,51.65,72,2020-08-31
老爺大酒店,Taipei,202,6262,0.66,2412.90,9950817,25602981,40531592,1589.08,4124,2020-12-31
澎湖福朋喜來登酒店,Others,331,9930,0.43,2145.21,9166473,13241753,25002515,923.11,4273,2020-11-30
福容大飯店 淡水漁人碼頭,Others,198,6138,0.62,4269.52,16181475,15697062,34324224,2636.28,3790,2020-10-31
寒軒國際⼤飯店,Kaohsiung,380,11780,0.05,1752.00,1109302,6173919,7559767,94.08,633,2020-05-31
福容⼤飯店福隆,Scenery,174,5220,0.10,4495.00,2355548,1185659,3597225,451.30,524,2020-04-30
台北有園飯店,Taipei,56,1736,0.68,3016.00,3585877,0,3888447,2065.66,1189,2020-01-31
福容大飯店 高雄,Kaohsiung,250,7500,0.54,1758.62,7074948,4805252,11886635,943.33,4023,2020-09-30
⻄華⼤飯店,Taipei,343,10290,0.11,2783.00,3067159,12110703,17716031,298.06,1102,2020-06-30
花蓮翰品酒店,Hualien,197,6107,0.87,2700.40,14412035,12045416,27361441,2359.92,5337,2020-10-31
台北君品⼤酒店,Taipei,286,8866,0.13,2631.00,3114903,31623094,37597938,351.24,1184,2020-05-31
台北華國⼤飯店,Taipei,326,10106,0.09,1875.00,1766035,14142136,17137897,174.75,942,2020-05-31
國聯⼤飯店,Taipei,243,7290,0.11,1127.00,896795,283665,1320174,123.07,796,2020-04-30
亞都麗緻大飯店,Taipei,209,6479,0.41,2336.07,6204595,13576376,23196427,957.65,2656,2020-08-31
裕元花園酒店,Taichung,149,4470,0.68,2888.88,8735972,24365169,37510836,1954.36,3024,2020-11-30
台北萬豪酒店,Taipei,318,9858,0.72,5386.00,38029331,95751047,159712656,3857.99,7061,2020-01-31
台北W飯店,Taipei,405,12555,0.27,5930.20,19848372,25205223,51270464,1580.91,3347,2020-07-31
尊爵天際⼤飯店,Taoyuan-Hsinchu-Miaoli,250,7250,0.28,2638.00,5355033,17170645,22899982,738.64,2030,2020-02-29
圓⼭⼤飯店,Taipei,500,15500,0.21,2349.00,7590310,30814965,48812911,489.77,3231,2020-05-31
知本老爺⼤酒店,Scenery,182,5642,0.84,5109.00,24165665,13060271,42813008,4283.39,4730,2020-01-31
碧特弗大飯店,Others,54,1674,0.19,2705.44,868447,132283,1000730,518.79,321,2020-10-31
美麗春天大飯店,Others,34,1054,0.12,2788.98,343045,169020,512065,325.47,123,2020-07-31
綠舞國際觀光飯店,Others,104,3120,0.51,4256.00,6822108,3807090,13096301,2186.73,1603,2020-06-30
台北寒舍喜來登大飯店,Taipei,688,21328,0.38,3203.03,26143110,113942331,157051512,1225.76,8162,2020-12-31
福容大飯店 淡水漁人碼頭,Others,198,5940,0.46,4060.91,11033483,11517309,24346455,1857.49,2717,2020-09-30
福容大飯店 淡水漁人碼頭,Others,198,6138,0.46,4435.85,12535701,12169836,26484500,2042.31,2826,2020-12-31
桃園喜來登酒店,Taoyuan-Hsinchu-Miaoli,190,5890,0.07,3960.00,1722426,1720855,3718905,292.64,435,2020-03-31
海灣藝術酒店,Taichung,226,6780,0.36,2269.43,5532859,1097100,6735819,816.06,2438,2020-11-30
國賓⼤飯店,Taipei,422,12660,0.04,4086.00,2030742,27100425,31249453,160.58,497,2020-04-30
名都觀光渡假⼤飯店,Scenery,97,2813,0.03,2270.00,220208,556387,805279,78.32,97,2020-02-29
澎湖福朋喜來登酒店,Others,331,10261,0.10,2131.00,2271435,8036198,11812228,221.41,1066,2020-01-31
雲品溫泉酒店⽇⽉潭,Scenery,211,6119,0.66,8691.00,35293925,18910818,58021555,5768.22,4061,2020-02-29
阿里山賓館,Scenery,35,1085,0.53,5374.24,3117059,0,3117059,2872.87,580,2020-12-31
遠雄悅來大飯店,Hualien,381,11430,0.80,3058.59,28142053,21073307,56442543,2462.12,9201,2020-09-30
美麗信花園酒店,Taipei,203,6090,0.42,1273.63,3275775,3105568,9286978,537.89,2572,2020-09-30
寒軒國際大飯店,Kaohsiung,380,11780,0.44,1885.88,9840529,11815525,22568108,835.36,5218,2020-08-31
悅川酒店,Others,103,3193,0.76,4011.56,9748086,5758113,15506199,3052.96,2430,2020-10-31
涵碧樓⼤飯店,Scenery,96,2976,0.39,13942.00,16089264,3653726,25110851,5406.71,1154,2020-03-31
板橋凱撒大飯店,Others,400,12400,0.51,3369.56,21480916,8725758,30223709,1732.33,6375,2020-10-31
台北萬豪酒店,Taipei,318,9540,0.07,5003.00,3326888,17531908,28291177,348.71,665,2020-04-30
碧特弗⼤飯店,Others,54,1674,0.39,2158.00,1419977,172903,1592880,848.31,658,2020-01-31
亞都麗緻大飯店,Taipei,209,6479,0.26,2847.04,4771631,13267090,21453519,736.48,1676,2020-10-31
美麗信花園酒店,Taipei,203,6293,0.19,1494.00,1783452,2038424,5813495,283.41,1194,2020-03-31
馥藝金鬱金香酒店,Taoyuan-Hsinchu-Miaoli,191,5921,0.55,2477.80,8040470,3954622,12232046,1357.96,3245,2020-08-31
麗尊大酒店,Kaohsiung,188,5828,0.41,2374.96,5716540,8243961,14632693,980.88,2407,2020-08-31
台北有園飯店,Taipei,56,1736,0.14,2487.00,589428,0,904760,339.48,237,2020-03-31
台南大員皇冠假日酒店,Others,231,6930,0.73,3292.29,16655680,17378730,37378383,2403.42,5059,2020-11-30
雲品溫泉酒店日月潭,Scenery,211,6541,0.86,10336.26,58172463,27705022,92287252,8893.51,5628,2020-08-31
山泉大飯店,Others,146,4526,0.78,1907.28,6768944,1002967,8180959,1495.57,3549,2020-12-31
亞都麗緻⼤飯店,Taipei,209,6479,0.08,3416.00,1827537,11872381,18191900,282.16,535,2020-05-31
美侖⼤飯店,Hualien,343,9947,0.26,2436.00,6318578,3548434,10244283,635.31,2594,2020-02-29
日月行館,Scenery,92,2852,0.37,14309.93,14996809,715640,16284757,5258.35,1048,2020-10-31
瓏山林台北中和飯店,Others,126,3906,0.14,1988.56,1115580,2144116,4151032,285.61,561,2020-07-31
⾼雄圓⼭⼤飯店,Scenery,107,3210,0.40,2558.00,3317610,8320897,12736148,1033.43,1297,2020-06-30
歐華酒店,Taipei,112,3360,0.12,2717.70,1138718,4664726,6428947,338.90,419,2020-11-30
趣淘漫旅,Scenery,198,5940,0.33,2254.00,4474171,942450,6350382,753.29,1985,2020-04-30
板橋凱撒大飯店,Others,400,12000,0.53,2907.79,18403423,11909727,30317873,1533.62,6329,2020-09-30
台糖長榮酒店(台南),Others,197,6107,0.65,2455.39,9792104,25258503,36778180,1603.42,3988,2020-12-31
遠百企業觀光旅館,Others,40,1200,0.04,1004.44,45200,0,45200,37.67,45,2020-09-30
福容⼤飯店林⼝,Taoyuan-Hsinchu-Miaoli,149,4619,0.68,2565.00,8026931,6659736,14740338,1737.53,3129,2020-01-31
台北花園大酒店,Taipei,241,7471,0.43,1530.09,4861108,22328853,29914197,650.66,3177,2020-10-31
名⼈堂花園⼤飯店,Taoyuan-Hsinchu-Miaoli,128,3968,0.14,5424.00,2945420,12994405,21297630,742.00,543,2020-05-31
豐⾢喜來登⼤飯店,Taoyuan-Hsinchu-Miaoli,384,11136,0.12,3349.00,4400191,3018109,8031805,395.18,1314,2020-02-29
裕元花園酒店,Taichung,149,4470,0.54,2708.00,6511931,21076107,31560014,1456.90,2405,2020-06-30
綠舞國際觀光飯店,Others,104,3016,0.27,5003.00,4087708,1995336,7548679,1355.31,817,2020-02-29
Total,Total,28503,855090,0.34,3364.63,987231644,1505597842,2898421619,1154.54,293415,2020-06-30
墾丁福華渡假飯店,Scenery,458,14198,0.67,5650.78,53908426,11986019,68848846,3796.90,9540,2020-08-31
新竹國賓大飯店,Taoyuan-Hsinchu-Miaoli,257,7967,0.56,2314.30,10381937,27788338,41143101,1303.12,4486,2020-07-31
台北華國大飯店,Taipei,326,9780,0.63,2801.47,17226250,9700694,27546556,1761.38,6149,2020-09-30
台北君品⼤酒店,Taipei,286,8580,0.15,2613.00,3304884,21830957,27067114,385.16,1265,2020-04-30
裕元花園酒店,Taichung,149,4619,0.73,3129.21,10608016,23385482,38740124,2296.60,3390,2020-10-31
康華大飯店,Taipei,215,6665,0.09,1755.55,1044555,7358230,8993763,156.72,595,2020-08-31
台北有園飯店,Taipei,56,1624,0.28,2896.00,1329440,0,1661606,818.41,459,2020-02-29
遠雄悅來⼤飯店,Hualien,381,11430,0.97,2368.00,26303581,15827184,48758075,2301.22,11108,2020-06-30
尊爵⼤飯店,Taoyuan-Hsinchu-Miaoli,231,6699,0.27,2064.00,3781810,5100172,9686974,564.50,1832,2020-02-29
台南⼤飯店,Others,152,4712,0.68,2382.00,7628593,19458595,28895932,1619.28,3203,2020-01-31
老爺⼤酒店,Taipei,202,6060,0.33,2483.00,5007674,19698995,28110439,826.34,2017,2020-06-30
福容⼤飯店林⼝,Taoyuan-Hsinchu-Miaoli,149,4470,0.16,2614.00,1910847,721659,2729262,427.39,731,2020-04-30
裕元花園酒店,Taichung,149,4619,0.59,3058.66,8304275,25038404,37860631,1797.85,2715,2020-12-31
龍⾕⼤飯店,Scenery,189,5859,0.04,1934.00,508655,129505,871226,86.84,263,2020-03-31
瑞穗天合國際觀光酒店,Hualien,198,5940,0.86,7910.67,40289031,17581429,66313963,6782.67,5093,2020-09-30
澎湖福朋喜來登酒店,Others,331,10261,0.83,3728.28,31641921,27355465,65648470,3083.71,8487,2020-07-31
龍⾕⼤飯店,Scenery,189,5859,0.21,2635.00,3193038,667210,4315850,545.18,1212,2020-01-31
南⽅莊園渡假飯店,Taoyuan-Hsinchu-Miaoli,111,3441,0.39,4601.00,6124331,3755454,11750212,1779.67,1331,2020-05-31
悅川酒店,Others,103,3193,0.84,3886.63,10470580,7085440,17556020,3279.23,2694,2020-07-31
幼獅⼤飯店,Others,55,1595,0.20,1572.00,496900,0,522590,311.41,316,2020-02-29
義華酒店,Taipei,149,4619,0.22,3244.00,3308880,111363,3810482,716.36,1020,2020-12-31
台北君品大酒店,Taipei,286,8866,0.32,2542.14,7115458,60411387,72199371,802.56,2799,2020-10-31
寒舍艾麗酒店,Taipei,235,7285,0.34,5196.29,12881612,16905526,32642700,1768.24,2479,2020-12-31
歐華酒店,Taipei,112,3472,0.10,2587.98,942025,3926521,5267141,271.32,364,2020-10-31
山泉大飯店,Others,146,4380,0.79,1871.98,6493901,949486,7835144,1482.63,3469,2020-09-30
⾼雄國賓⼤飯店,Kaohsiung,453,14043,0.77,2306.00,25045899,60083042,88412943,1783.69,10862,2020-01-31
台北華國大飯店,Taipei,326,10106,0.53,3144.40,16831967,6192877,23668471,1665.54,5353,2020-10-31
台南大員皇冠假日酒店,Others,230,7130,0.65,3435.04,16041655,12126056,31339097,2249.88,4670,2020-07-31
漢來⼤飯店,Kaohsiung,535,16585,0.70,3315.00,38411781,124982102,178697623,2315.86,11586,2020-01-31
台北諾富特華航桃園機場飯店,Taoyuan-Hsinchu-Miaoli,516,15996,0.00,563387.32,17465007,14426611,35297821,1091.84,31,2020-12-31
知本老爺⼤酒店,Scenery,182,5642,0.66,3521.00,13030114,6925660,22556302,2309.78,3701,2020-03-31
和逸飯店桃園青埔館,Taoyuan-Hsinchu-Miaoli,218,6540,0.68,4312.59,19070252,20239959,42720102,2915.94,4422,2020-11-30
台北凱撒⼤飯店,Taipei,478,14818,0.13,1602.00,3108567,9485831,37244342,209.70,1940,2020-05-31
新竹國賓大飯店,Taoyuan-Hsinchu-Miaoli,257,7967,0.44,2699.52,9370049,39059909,52235858,1176.11,3471,2020-12-31
尊爵大飯店,Taoyuan-Hsinchu-Miaoli,231,7161,0.02,1726.94,221048,8449890,9338078,30.87,128,2020-07-31
澎湖福朋喜來登酒店,Others,331,9930,0.83,3378.85,27753880,26454516,60051256,2794.95,8214,2020-09-30
香格里拉台北遠東國際大飯店,Taipei,420,12600,0.30,4492.91,17198871,55966253,81990814,1364.99,3828,2020-09-30
台北有園飯店,Taipei,56,1736,0.38,2225.16,1450807,0,7060087,835.72,652,2020-10-31
寒舍艾麗酒店,Taipei,235,7050,0.15,5607.79,6033987,12756669,20807727,855.88,1076,2020-11-30
龍⾕⼤飯店,Scenery,189,5481,0.14,2094.00,1582934,404012,2363259,288.76,756,2020-02-29
豪景大酒店,Taipei,209,6270,0.06,1646.73,645519,374120,1306938,102.95,392,2020-11-30
馥藝⾦鬱⾦香酒店,Taoyuan-Hsinchu-Miaoli,191,5921,0.23,1897.00,2594604,2354998,4999607,438.21,1368,2020-03-31
第一⼤飯店,Taipei,176,5456,0.04,1297.00,258113,2774348,16824311,47.34,199,2020-05-31
娜路彎⼤酒店,Others,276,8556,0.61,5468.00,28304446,12880966,46685777,3308.14,5176,2020-01-31
台北君悅酒店,Taipei,850,26350,0.35,5098.12,47193314,106571130,173492421,1791.02,9257,2020-12-31
香格⾥拉台南遠東國際⼤飯店,Others,331,9930,0.34,3122.00,10610041,6834571,20073614,1068.66,3399,2020-04-30
神旺⼤飯店,Taipei,268,8308,0.02,2265.00,421328,23208519,24879772,50.74,186,2020-05-31
花蓮翰品酒店,Hualien,197,6107,0.44,1961.00,5277695,4802578,10503728,864.02,2691,2020-03-31
晶悅國際飯店,Taoyuan-Hsinchu-Miaoli,388,12028,0.00,0.00,0,1786095,1964704,0.00,0,2020-05-31
三德大飯店,Taipei,287,8897,0.23,1427.19,2884351,259415,11159331,324.19,2021,2020-08-31
台北W飯店,Taipei,405,12150,0.22,5925.00,15908549,19559974,41023340,1309.43,2685,2020-06-30
台北凱撒⼤飯店,Taipei,478,14340,0.05,1656.00,1194195,3009000,8684097,83.30,721,2020-04-30
晶華酒店,Taipei,538,16140,0.34,4079.00,22534481,106378805,171604614,1396.24,5525,2020-06-30
台北花園⼤酒店,Taipei,241,6989,0.39,2218.00,6116114,12280407,20301516,875.22,2758,2020-02-29
台北美福⼤飯店,Taipei,73,2117,0.42,6046.00,5411585,31128374,40308512,2556.25,895,2020-02-29
香格里拉台南遠東國際大飯店,Others,331,9930,0.60,3509.71,21068787,25765974,52678726,2121.73,6003,2020-11-30
合尊酒店,Taipei,101,3030,0.57,3025.00,5254530,2034900,8023445,1734.23,1737,2020-06-30
美麗信花園酒店,Taipei,203,6293,0.69,2197.00,9487208,7520101,22477404,1507.80,4319,2020-01-31
陸島酒店,Others,47,1410,0.02,1426.00,37071,2880,41701,26.24,26,2020-04-30
台中金典酒店,Taichung,222,6882,0.72,2944.45,14689844,20632363,46909472,2134.53,4989,2020-10-31
歐華酒店,Taipei,112,3472,0.09,2296.85,730397,4129545,5364608,210.37,318,2020-07-31
⾼雄圓⼭⼤飯店,Scenery,107,3103,0.25,2292.00,1767233,5866198,8165274,569.56,771,2020-02-29
新竹老爺大酒店,Taoyuan-Hsinchu-Miaoli,208,6240,0.44,2473.05,6726695,10886382,18387720,1078.00,2720,2020-09-30
台北花園大酒店,Taipei,241,7471,0.38,1247.34,3542439,16766787,22537215,474.16,2840,2020-08-31
台中港酒店,Taichung,200,6200,0.44,2418.00,6562068,873953,8016844,1058.36,2714,2020-03-31
義大皇家酒店,Kaohsiung,656,20336,0.61,2850.53,35571814,25610231,64269054,1749.20,12479,2020-10-31
墾丁怡灣渡假酒店,Scenery,234,7254,0.18,2297.00,2988245,161909,3316620,411.85,1301,2020-05-31
老爺大酒店,Taipei,202,6262,0.51,2419.19,7765614,29759980,42042885,1240.12,3210,2020-10-31
幼獅大飯店,Others,55,1705,0.62,850.33,905600,0,957900,531.14,1065,2020-07-31
綠舞國際觀光飯店,Others,104,3224,0.78,4444.66,11213884,6445149,21540284,3478.25,2523,2020-08-31
龍谷大飯店,Scenery,189,5859,0.22,2123.29,2781515,936038,3989290,474.74,1310,2020-08-31
台中港酒店,Taichung,200,6200,0.89,2733.23,15068286,3087823,19260655,2430.37,5513,2020-08-31
名人堂花園大飯店,Taoyuan-Hsinchu-Miaoli,128,3840,0.52,4751.76,9408475,16179926,33474733,2450.12,1980,2020-09-30
⽇勝⽣加賀屋國際溫泉飯店,Taipei,90,2790,0.69,9720.00,18690871,14537090,45680427,6699.02,1923,2020-01-31
香格⾥拉台南遠東國際⼤飯店,Others,331,10261,0.78,4371.00,34842316,37837732,81391615,3395.39,7971,2020-01-31
寶華大飯店,Others,78,2418,0.76,2281.08,4178939,24600,4205539,1728.26,1832,2020-07-31
⼤億麗緻酒店,Others,315,9765,0.40,2501.00,9693859,19582543,32232046,992.65,3876,2020-05-31
台北W飯店,Taipei,405,11745,0.21,7791.00,19523352,17897528,42704839,1662.60,2506,2020-02-29
麗尊⼤酒店,Kaohsiung,188,5828,0.20,2070.00,2448984,10871826,13765692,420.21,1183,2020-03-31
日月行館,Scenery,92,2760,0.22,13153.89,7839719,850636,8863896,2840.48,596,2020-09-30
晶英國際行館,Kaohsiung,147,4557,0.38,6965.15,12028820,15240672,30204970,2639.64,1727,2020-10-31
福容⼤飯店台北一館,Taipei,120,3600,0.11,2649.00,1075553,7824406,9815893,298.81,406,2020-06-30
台東桂⽥喜來登酒店,Others,278,8062,0.41,3138.00,10250432,8822797,20760299,1271.52,3267,2020-02-29
馥藝⾦鬱⾦香酒店,Taoyuan-Hsinchu-Miaoli,191,5921,0.45,2916.00,7708170,6378610,14337587,1301.70,2643,2020-01-31
台中港酒店,Taichung,200,6200,0.42,2521.00,6579352,1073050,8303167,1061.34,2610,2020-05-31
台北華國⼤飯店,Taipei,326,9780,0.06,1883.00,1122468,6552844,8457149,114.67,596,2020-04-30
台糖⻑榮酒店(台南),Others,197,6107,0.67,3390.00,13918639,31753676,47774745,2279.10,4106,2020-01-31
台中金典酒店,Taichung,222,6882,0.72,2875.85,14180824,15869591,38928446,2060.57,4931,2020-07-31
漢來大飯店,Kaohsiung,535,16585,0.60,2794.63,27884811,83583068,129667173,1681.33,9978,2020-12-31
豪景⼤酒店,Taipei,209,6479,0.04,1622.00,429934,440320,1115432,66.34,265,2020-03-31
康華⼤飯店,Taipei,215,6450,0.04,1579.00,456303,5481051,6234393,70.74,289,2020-06-30
蘭城晶英酒店,Others,193,5790,0.66,8951.00,34021730,43035292,86188627,5876.33,3801,2020-06-30
⻑榮桂冠酒店(台中),Taichung,354,10620,0.22,1980.00,4574901,6604245,12680299,430.65,2310,2020-04-30
台北萬豪酒店,Taipei,318,9222,0.25,5265.00,12061741,28377915,48863410,1307.83,2291,2020-02-29
陸島酒店,Others,47,1410,0.40,1553.01,868130,87440,958820,615.70,559,2020-11-30
亞士都飯店,Taipei,40,1240,0.10,2265.69,292274,0,292274,235.70,129,2020-07-31
尊爵天際⼤飯店,Taoyuan-Hsinchu-Miaoli,250,7500,0.20,1701.00,2500505,23244246,25833187,333.40,1470,2020-06-30
福容大飯店 桃園,Taoyuan-Hsinchu-Miaoli,182,5642,0.25,2238.45,3118157,3409444,6812684,552.67,1393,2020-07-31
台北諾富特華航桃園機場飯店,Taoyuan-Hsinchu-Miaoli,516,14964,0.42,2438.00,15330379,9833194,27750262,1024.69,6289,2020-02-29
台北美福⼤飯店,Taipei,146,4526,0.13,4671.00,2742163,22782377,27659790,605.83,587,2020-03-31
幼獅大飯店,Others,55,1650,0.31,1267.38,648900,0,680400,393.27,512,2020-09-30
礁溪老爺大酒店,Scenery,197,6107,0.87,7402.62,39307934,27512626,82273027,6436.54,5310,2020-07-31
台北W飯店,Taipei,405,12555,0.69,8826.00,76705765,69996870,164471272,6109.36,8691,2020-01-31
裕元花園酒店,Taichung,149,4619,0.72,2978.92,9887038,25738551,40472097,2140.51,3319,2020-07-31
台南⼤員皇冠假⽇酒店,Others,230,6900,0.47,2681.00,8744106,5906199,16482315,1267.58,3262,2020-04-30
陸島酒店,Others,47,1457,0.36,1267.80,657990,82560,741687,451.61,519,2020-12-31
台糖⻑榮酒店(台南),Others,197,5910,0.23,2141.00,2934978,5614913,9093269,496.71,1371,2020-04-30
幼獅大飯店,Others,55,1705,0.11,1951.85,368900,0,387880,216.36,189,2020-12-31
涵碧樓大飯店,Scenery,96,2880,0.86,15218.82,37620918,8811600,51974799,13062.82,2472,2020-11-30
新竹喜來登大飯店,Taoyuan-Hsinchu-Miaoli,386,11966,0.44,2833.75,14990522,24575127,44711783,1252.76,5290,2020-07-31
遠雄悅來⼤飯店,Hualien,381,11811,0.29,2702.00,9135386,5273229,17539237,773.58,3381,2020-03-31
晶華酒店,Taipei,538,16678,0.58,3717.15,36160449,147591074,204925670,2168.15,9728,2020-12-31
台北萬豪酒店,Taipei,318,9540,0.15,4970.00,7082626,35577115,54545967,742.52,1425,2020-06-30
晶華酒店,Taipei,538,16678,0.24,4071.00,16095438,96136436,169239519,965.23,3954,2020-05-31
悅川酒店,Others,103,3193,0.61,4166.00,8090251,8377490,16467741,2533.76,1942,2020-01-31
陽明⼭中國麗緻⼤飯店,Scenery,47,1363,0.34,3785.00,1779101,1762968,5485030,1305.07,470,2020-02-29
新竹國賓大飯店,Taoyuan-Hsinchu-Miaoli,257,7710,0.32,2879.57,6994468,34840703,44630846,907.19,2429,2020-09-30
瓏⼭林台北中和飯店,Others,126,3906,0.06,1993.00,466395,1648605,2822080,119.38,234,2020-05-31
第一大飯店,Taipei,176,5456,0.39,1449.20,3085343,2970165,25358755,565.50,2129,2020-10-31
台北萬豪酒店,Taipei,318,9858,0.50,4352.23,21513064,89150216,140128120,2182.29,4943,2020-12-31
福容⼤飯店台北一館,Taipei,120,3480,0.15,2756.00,1410966,5178456,7164688,405.41,512,2020-02-29
馥藝⾦鬱⾦香酒店,Taoyuan-Hsinchu-Miaoli,191,5730,0.39,2306.00,5092455,2540192,7863217,888.50,2208,2020-06-30
寒軒國際大飯店,Kaohsiung,380,11780,0.43,1994.07,10179718,15417114,26546323,864.15,5105,2020-12-31
Total,Total,27962,866822,0.52,3550.45,1590018735,2098826841,4166579142,1834.31,447836,2020-10-31
名都觀光渡假⼤飯店,Scenery,97,3007,0.02,1363.00,74949,396181,488338,24.94,55,2020-03-31
首都大飯店,Taipei,129,3999,0.41,1643.42,2713282,2542635,5792434,678.49,1651,2020-08-31
北投麗禧溫泉酒店,Taipei,66,2046,0.14,13319.00,3902600,2652798,10546141,1907.28,293,2020-05-31
台北花園⼤酒店,Taipei,241,7471,0.86,2552.00,16397743,29927856,50418930,2194.72,6425,2020-01-31
墾丁福華渡假飯店,Scenery,458,13740,0.71,3242.61,31534357,12368821,45427607,2295.08,9725,2020-09-30
天成大飯店,Taipei,225,6975,0.58,1738.58,7093426,28078578,38144306,1016.98,4080,2020-12-31
台南大員皇冠假日酒店,Others,231,6930,0.65,3383.12,15132689,17275944,35640465,2183.65,4473,2020-09-30
龍⾕⼤飯店,Scenery,189,5859,0.07,1432.00,577026,296667,1076883,98.52,403,2020-05-31
陸島酒店,Others,47,1410,0.74,1527.85,1599660,169200,1770160,1134.51,1047,2020-09-30
尊爵天際大飯店,Taoyuan-Hsinchu-Miaoli,250,7500,0.26,2049.35,3922460,22214588,26267070,522.99,1914,2020-11-30
花蓮翰品酒店,Hualien,197,6107,0.57,2295.19,8007932,9832015,18571521,1311.27,3489,2020-12-31
樂樂⽇暉溫泉酒店,Others,48,1440,0.06,1959.00,162604,0,162604,112.84,83,2020-04-30
華泰王⼦⼤飯店,Taipei,211,6119,0.33,2672.00,5466694,7152803,14341241,893.52,2046,2020-02-29
板橋凱撒大飯店,Others,400,12000,0.47,3487.26,19594930,9711975,29317653,1632.91,5619,2020-11-30
台北華國大飯店,Taipei,326,10106,0.37,2244.54,8452921,12158610,21429599,836.43,3766,2020-08-31
南⽅莊園渡假飯店,Taoyuan-Hsinchu-Miaoli,111,3441,0.62,5234.00,11142790,26907026,43722134,3238.28,2129,2020-01-31
台北君悅酒店,Taipei,850,24650,0.22,5306.00,29013822,51604315,94070765,1176.87,5468,2020-02-29
⻑榮鳳凰酒店(礁溪),Others,231,7161,0.45,4343.00,13920350,12369836,31346695,1943.93,3205,2020-05-31
福容大飯店 桃園,Taoyuan-Hsinchu-Miaoli,182,5460,0.31,2048.91,3472908,3705876,7535646,636.06,1695,2020-11-30
國聯大飯店,Taipei,243,7533,0.34,1414.49,3604117,658007,4710221,478.44,2548,2020-08-31
合尊酒店,Taipei,101,3030,0.67,3249.11,6579443,3460070,11009124,2171.43,2025,2020-09-30
神旺⼤飯店,Taipei,268,8308,0.73,2607.00,15769951,47315247,68292805,1897.90,6048,2020-01-31
台北寒舍艾美酒店,Taipei,160,4800,0.23,6080.22,6572717,43296578,55544819,1369.32,1081,2020-09-30
⾼雄福華⼤飯店,Kaohsiung,271,7859,0.42,2317.00,7641943,12953423,22785705,972.21,3298,2020-02-29
台北中山雅樂軒酒店,Taipei,88,2728,0.62,2260.38,3815513,920006,5238278,1398.65,1688,2020-10-31
裕元花園酒店,Taichung,149,4619,0.65,3611.00,10888318,41075759,57149352,2356.90,3015,2020-01-31
瓏山林台北中和飯店,Others,126,3906,0.15,1995.55,1159414,2430488,4712050,296.83,581,2020-08-31
⼤億麗緻酒店,Others,315,9450,0.13,4625.00,5799882,5317373,13231303,613.74,1254,2020-04-30
亞都麗緻⼤飯店,Taipei,209,6270,0.06,3624.00,1330079,7760155,12493527,212.00,367,2020-04-30
慶泰大飯店,Taipei,150,4500,0.17,1514.84,1125528,2559755,3962710,250.12,743,2020-11-30
香格⾥拉台北遠東國際⼤飯店,Taipei,420,13020,0.12,4621.00,7417382,18418015,31459754,569.77,1605,2020-03-31
樂樂日暉溫泉酒店,Others,48,1488,0.75,2499.07,2806457,0,2806457,1886.06,1123,2020-08-31
台北諾富特華航桃園機場飯店,Taoyuan-Hsinchu-Miaoli,516,15996,0.42,3132.73,20816980,12783318,37676408,1301.39,6645,2020-10-31
龍谷大飯店,Scenery,189,5859,0.21,1914.34,2389100,1087057,3762150,407.77,1248,2020-07-31
美侖大飯店,Hualien,343,10633,0.58,2607.59,16203545,6261967,23246393,1523.89,6214,2020-08-31
華園大飯店,Kaohsiung,269,8339,0.52,1618.13,7022665,2765671,10422821,842.15,4340,2020-08-31
凱撒大飯店,Scenery,281,8711,0.99,7140.54,61280107,8931821,74145217,7034.80,8582,2020-07-31
馥藝⾦鬱⾦香酒店,Taoyuan-Hsinchu-Miaoli,191,5539,0.34,2162.00,4089599,2363149,6536308,738.54,1892,2020-02-29
台中港酒店,Taichung,200,6200,0.47,2926.00,8569486,3416903,12775774,1382.24,2929,2020-01-31
麗尊大酒店,Kaohsiung,188,5640,0.51,2036.00,5879968,12186717,18799326,1042.55,2888,2020-11-30
台中⾦典酒店,Taichung,222,6660,0.26,2404.00,4206638,5144922,12655840,631.77,1750,2020-04-30
日勝生加賀屋國際溫泉飯店,Taipei,90,2790,0.50,5419.80,7555198,6894898,16975696,2707.96,1394,2020-07-31
福容⼤飯店淡⽔漁⼈碼頭,Others,198,6138,0.13,2738.00,2206877,7309487,10329824,359.50,806,2020-03-31
高雄國賓大飯店,Kaohsiung,453,13590,0.63,2091.63,17992203,34789420,54272679,1323.93,8602,2020-11-30
花蓮亞⼠都飯店,Hualien,167,5177,0.19,898.00,860000,360000,1236226,166.13,958,2020-05-31
阿⾥⼭賓館,Scenery,35,1050,0.51,4612.00,2481376,0,2481376,2363.19,538,2020-06-30
福容大飯店 台北一館,Taipei,120,3720,0.14,2608.01,1345733,7053244,9217838,361.76,516,2020-07-31
北投麗禧溫泉酒店,Taipei,66,1980,0.43,12511.65,10772533,6022562,21728243,5440.67,861,2020-09-30
合尊酒店,Taipei,101,3131,0.23,3503.00,2522518,802012,3694475,805.69,720,2020-03-31
國王大飯店,Taipei,97,3007,0.01,2255.41,72173,174599,293841,24.00,32,2020-07-31
花蓮翰品酒店,Hualien,197,5910,0.90,2489.39,13270933,9901910,23884396,2245.50,5331,2020-09-30
⽇勝⽣加賀屋國際溫泉飯店,Taipei,90,2790,0.56,3496.00,5478761,5946013,14121641,1963.35,1567,2020-05-31
新竹喜來登大飯店,Taoyuan-Hsinchu-Miaoli,386,11580,0.62,2103.47,15023011,30899325,50950829,1297.32,7142,2020-09-30
知本老爺⼤酒店,Scenery,182,5278,0.93,4459.00,21767809,11467064,37562051,4124.58,4882,2020-02-29
海灣藝術酒店,Taichung,226,6780,0.01,1888.00,113259,163901,1577224,16.61,60,2020-04-30
慶泰大飯店,Taipei,150,4650,0.12,1413.90,757853,2743312,3770017,162.98,536,2020-10-31
三德大飯店,Taipei,287,8610,0.51,3598.70,15899075,2744342,21233015,1846.58,4418,2020-09-30
美麗春天⼤飯店,Others,34,1054,0.03,2753.00,93587,26003,119590,88.92,34,2020-03-31
古華花園飯店,Taoyuan-Hsinchu-Miaoli,255,7905,0.64,2975.46,15112383,16372944,32456680,1911.75,5079,2020-10-31
⽇勝⽣加賀屋國際溫泉飯店,Taipei,90,2790,0.34,4768.00,4510723,4241612,11779140,1616.83,946,2020-03-31
台北W飯店,Taipei,405,12555,0.42,6817.36,35968369,46898960,93321276,2864.86,5276,2020-12-31
⻑榮桂冠酒店(台中),Taichung,354,10266,0.48,2215.00,10926828,13185257,26987966,1064.09,4932,2020-02-29
香格里拉台北遠東國際大飯店,Taipei,420,12600,0.19,4858.85,11607793,40988992,62179549,921.25,2389,2020-11-30
晶華酒店,Taipei,538,16678,0.40,4001.23,26588151,134162936,208748044,1594.21,6645,2020-07-31
遠百企業觀光旅館,Others,40,1200,0.04,1019.05,42800,0,42800,35.67,42,2020-11-30
老爺⼤酒店,Taipei,202,6262,0.82,4777.00,24563446,46598049,78002785,3922.39,5142,2020-01-31
⻑榮鳳凰酒店(礁溪),Others,231,6930,0.61,4593.00,19285244,14622446,39863916,2782.90,4199,2020-06-30
凱撒⼤飯店,Scenery,281,8711,0.87,5180.00,39045751,8550758,49451114,4482.25,7538,2020-01-31
台東桂⽥喜來登酒店,Others,278,8618,0.26,2834.00,6433776,6182226,13893993,746.48,2270,2020-05-31
⻑榮鳳凰酒店(礁溪),Others,231,7161,0.79,6807.00,38482405,25296411,72131834,5373.45,5653,2020-01-31
悅川酒店,Others,103,3193,0.71,2372.00,5412001,6383080,11795081,1695.27,2282,2020-05-31
涵碧樓大飯店,Scenery,96,2976,0.86,14868.82,38019583,8633137,53338562,12775.40,2557,2020-07-31
麒麟⼤飯店,Others,167,5177,0.09,2865.00,1357830,416520,1983910,262.43,474,2020-03-31
全國大飯店,Taichung,178,5518,0.46,2274.40,5751967,10111067,17809259,1042.40,2529,2020-10-31
福容大飯店 桃園,Taoyuan-Hsinchu-Miaoli,182,5642,0.31,2285.57,3997468,3329991,7863210,708.52,1749,2020-08-31
尊爵天際大飯店,Taoyuan-Hsinchu-Miaoli,250,7500,0.25,2032.40,3800584,30997608,34941112,506.74,1870,2020-09-30
天成⼤飯店,Taipei,225,6750,0.07,1511.00,709999,5398271,6533990,105.17,470,2020-04-30
瑞穗天合國際觀光酒店,Hualien,198,6138,0.52,9701.00,30772147,13282691,49456575,5013.48,3172,2020-01-31
娜路彎大酒店,Others,276,8556,0.91,5571.00,43180821,19307165,77177113,5046.85,7751,2020-08-31
悅川酒店,Others,103,3193,0.64,4037.49,8220339,5788168,14008507,2574.49,2036,2020-12-31
海灣藝術酒店,Taichung,226,7006,0.75,2160.69,11425715,0,11514571,1630.85,5288,2020-10-31
福容大飯店 桃園,Taoyuan-Hsinchu-Miaoli,182,5460,0.33,2070.77,3692175,8468412,12536801,676.22,1783,2020-09-30
台北有園飯店,Taipei,56,1736,0.08,2334.00,343027,0,1323174,197.69,147,2020-05-31
陸島酒店,Others,47,1363,0.04,1664.00,88178,6000,94178,64.73,53,2020-02-29
⻑榮桂冠酒店(基隆),Others,140,4060,0.34,2932.00,3999236,1574085,7640340,985.15,1364,2020-02-29
國賓大飯店,Taipei,422,12660,0.14,2140.71,3857566,66699663,76356047,304.71,1802,2020-11-30
亞士都飯店,Taipei,40,1200,0.11,2224.49,282510,0,282510,235.42,127,2020-09-30
台北萬豪酒店,Taipei,318,9858,0.40,4235.87,16790992,44654995,85503945,1703.29,3964,2020-08-31
阿⾥⼭賓館(新館),Scenery,104,3224,0.44,4336.00,6187873,3579418,10008792,1919.11,1427,2020-05-31
花蓮翰品酒店,Hualien,197,5713,0.77,2336.00,10241372,5863344,16607896,1792.65,4384,2020-02-29
新竹喜來登大飯店,Taoyuan-Hsinchu-Miaoli,386,11580,0.46,2923.46,15584985,33053777,54745126,1345.85,5331,2020-11-30
寒軒國際⼤飯店,Kaohsiung,380,11780,0.54,2439.00,15609856,28663993,45592491,1325.11,6400,2020-01-31
雲品溫泉酒店⽇⽉潭,Scenery,211,6330,0.29,8994.00,16450597,9173480,27420087,2598.37,1829,2020-04-30
華園⼤飯店,Kaohsiung,269,8070,0.08,1526.00,978194,1309173,2585479,121.16,641,2020-04-30
陸島酒店,Others,47,1457,0.02,1212.00,33940,4160,38100,23.27,28,2020-05-31
花蓮亞⼠都飯店,Hualien,167,5010,0.57,913.00,2600000,1230000,3872506,519.04,2848,2020-06-30
台東桂田喜來登酒店,Others,290,8700,0.66,2635.77,15021255,19161135,36722848,1726.58,5699,2020-11-30
墾丁福華渡假飯店,Scenery,458,13282,0.44,2547.00,14938990,5987893,21729744,1125.01,5866,2020-02-29
陽明山中國麗緻大飯店,Scenery,47,1457,0.49,4184.50,2983549,2542720,7653007,2047.73,713,2020-10-31
國聯大飯店,Taipei,243,7290,0.34,1337.49,3345065,422920,4162654,458.86,2501,2020-11-30
趣淘漫旅,Scenery,198,5940,0.83,2558.46,12628548,4098780,18643786,2126.02,4936,2020-09-30
北投麗禧溫泉酒店,Taipei,66,2046,0.65,14106.43,18888512,7660430,34159917,9231.92,1339,2020-10-31
板橋凱撒⼤飯店,Others,400,12400,0.74,4035.00,37068701,14513625,51640612,2989.13,9186,2020-01-31
北投麗禧溫泉酒店,Taipei,66,2046,0.12,16327.00,3934845,2792698,10468558,1923.32,241,2020-03-31
亞都麗緻⼤飯店,Taipei,209,6479,0.64,4082.00,17030812,21325739,46279942,2628.40,4172,2020-01-31
南方莊園渡假飯店,Taoyuan-Hsinchu-Miaoli,111,3441,0.68,3053.25,7169031,11957069,23934619,2083.41,2348,2020-07-31
國聯大飯店,Taipei,243,7533,0.35,1320.17,3519562,407615,4344413,467.22,2666,2020-10-31
康華⼤飯店,Taipei,215,6665,0.43,2580.00,7351665,16617738,25373315,1102.95,2849,2020-01-31
涵碧樓大飯店,Scenery,96,2880,0.81,15321.81,35868347,8760272,51831255,12454.29,2341,2020-09-30
名都觀光渡假大飯店,Scenery,97,3007,0.20,2495.35,1492221,2599643,4208010,496.25,598,2020-08-31
台北凱撒大飯店,Taipei,478,14818,0.35,2027.30,10612902,15805590,30925276,716.22,5235,2020-07-31
⻑榮桂冠酒店(台中),Taichung,354,10974,0.20,2043.00,4540995,8309842,15202430,413.91,2223,2020-03-31
太魯閣晶英酒店,Scenery,160,4960,0.90,9464.45,42429115,12444533,60843977,8554.26,4483,2020-08-31
香格里拉台北遠東國際大飯店,Taipei,420,13020,0.34,5340.59,23541302,68538248,109216672,1808.09,4408,2020-12-31
耐斯王⼦⼤飯店,Others,245,7350,0.13,2261.00,2233441,4059355,6534359,303.88,988,2020-04-30
麒麟⼤飯店,Others,167,5177,0.33,5121.00,8791989,1334699,10340438,1698.64,1717,2020-01-31
鈺通⼤飯店,Others,120,3720,0.10,1563.00,606330,2701028,3322281,163.02,388,2020-05-31
台北華國⼤飯店,Taipei,326,9780,0.14,1823.00,2469773,13413708,16882436,252.49,1355,2020-06-30
高雄圓山大飯店,Scenery,107,3210,0.46,2455.34,3626537,13142984,18015374,1129.76,1477,2020-11-30
綠舞國際觀光飯店,Others,104,3120,0.58,4713.66,8588281,4763993,15006893,2752.65,1822,2020-11-30
圓⼭⼤飯店,Taipei,500,15500,0.69,3923.00,41850353,76393973,131547661,2699.81,10667,2020-01-31
亞⼠都飯店,Taipei,40,1240,0.22,2280.00,624806,0,624806,503.88,274,2020-01-31
華園大飯店,Kaohsiung,269,8070,0.45,1324.87,4814575,2643491,7792072,596.60,3634,2020-11-30
樂樂⽇暉溫泉酒店,Others,48,1440,0.12,2303.00,400729,0,400729,278.20,174,2020-06-30
大板根渡假酒店,Others,95,2850,0.92,4895.03,12839668,17493575,49497649,4505.15,2623,2020-09-30
華泰王⼦⼤飯店,Taipei,220,6820,0.09,1004.00,593114,9006182,11305201,87.05,591,2020-05-31
綠舞國際觀光飯店,Others,104,3120,0.49,4933.38,7557936,4233762,13703371,2422.42,1532,2020-09-30
新⽵國賓⼤飯店,Taoyuan-Hsinchu-Miaoli,257,7453,0.37,3054.00,8495231,19917094,31161890,1140.06,2782,2020-02-29
豐邑喜來登大飯店,Taoyuan-Hsinchu-Miaoli,384,11904,0.15,2653.91,4739885,3816176,9257912,398.18,1786,2020-10-31
國王大飯店,Taipei,97,3007,0.11,1297.00,442277,216438,703415,147.08,341,2020-12-31
天成大飯店,Taipei,225,6975,0.22,1772.45,2704755,21199416,26109874,387.78,1526,2020-07-31
長榮桂冠酒店(台中),Taichung,354,10974,0.76,2044.01,16953042,20075137,41696220,1544.84,8294,2020-07-31
福容⼤飯店桃園,Taoyuan-Hsinchu-Miaoli,182,5460,0.20,2135.00,2384291,4628128,7256087,436.82,1117,2020-06-30
名⼈堂花園⼤飯店,Taoyuan-Hsinchu-Miaoli,128,3968,0.07,5749.00,1540799,6949071,11886388,388.06,268,2020-03-31
歐華酒店,Taipei,112,3248,0.18,2958.00,1757175,3898077,6291793,541.02,594,2020-02-29
福容大飯店 台北一館,Taipei,120,3600,0.17,2498.51,1489110,6822930,9030013,413.64,596,2020-11-30
海灣藝術酒店,Taichung,226,7006,0.02,1948.00,214244,593674,1044646,30.58,110,2020-05-31
耐斯王子大飯店,Others,245,7595,0.66,2318.60,11690384,12526935,25467991,1539.22,5042,2020-10-31
Total,Total,27974,867194,0.52,3708.43,1687935933,2002761137,4226203338,1946.43,455162,2020-08-31
幼獅大飯店,Others,55,1705,0.33,1164.23,654300,0,694100,383.75,562,2020-10-31
幼獅⼤飯店,Others,55,1705,0.21,1978.00,723980,0,766480,424.68,366,2020-01-31
慶泰⼤飯店,Taipei,150,4650,0.00,1800.00,7200,8700,152541,1.62,4,2020-05-31
康華大飯店,Taipei,215,6665,0.20,2024.89,2731574,7840306,11260359,409.84,1349,2020-12-31
台北君品大酒店,Taipei,286,8580,0.26,2740.35,6209643,45033803,54704866,723.73,2266,2020-09-30
北投老爺酒店,Taipei,50,1550,0.32,4382.00,2190988,2754166,5586021,1413.63,500,2020-05-31
全國⼤飯店,Taichung,178,5518,0.54,2402.00,7197640,22485565,32008639,1304.53,2997,2020-01-31
兄弟大飯店,Taipei,250,7500,0.40,1838.17,5512680,34046177,43828762,735.02,2999,2020-11-30
陸島酒店,Others,47,1457,0.91,1271.73,1685040,222880,1908890,1156.51,1325,2020-08-31
北投麗禧溫泉酒店,Taipei,66,1980,0.26,13993.00,7248409,3068576,14244481,3660.57,518,2020-06-30
福容⼤飯店⾼雄,Kaohsiung,250,7750,0.18,1624.00,2301518,3910988,6236956,296.87,1417,2020-03-31
台糖⻑榮酒店(台南),Others,197,5713,0.48,2723.00,7416432,14370374,22952891,1298.33,2724,2020-02-29
寒軒國際大飯店,Kaohsiung,380,11400,0.45,1771.78,9023692,13403644,23459631,791.55,5093,2020-11-30
康華大飯店,Taipei,215,6665,0.14,1710.96,1551838,7510970,9765989,232.83,907,2020-10-31
桃園喜來登酒店,Taoyuan-Hsinchu-Miaoli,190,5700,0.34,1741.99,3369005,8610042,13018400,591.05,1934,2020-09-30
凱撒大飯店,Scenery,281,8711,0.85,4472.42,33051155,7537674,42775490,3794.19,7390,2020-12-31
鈺通大飯店,Others,120,3720,0.33,2040.57,2483368,4165154,6665094,667.57,1217,2020-07-31
⼤億麗緻酒店,Others,315,9765,0.65,4029.00,25449558,43328486,74478979,2605.96,6316,2020-01-31
阿里山賓館(新館),Scenery,104,3224,0.89,5936.56,17103229,11506369,29086649,5304.97,2881,2020-08-31
阿⾥⼭賓館,Scenery,35,1015,0.41,5025.00,2095355,0,2095355,2064.27,417,2020-02-29
台北凱撒⼤飯店,Taipei,478,14340,0.24,1736.00,5953633,12658621,23143769,415.25,3430,2020-06-30
國賓大飯店,Taipei,422,13082,0.27,1623.80,5644329,63413771,74184436,431.46,3476,2020-07-31
趣淘漫旅,Scenery,198,6138,0.77,3497.00,16479840,4119028,22850011,2684.65,4712,2020-01-31
福容大飯店 福隆,Scenery,174,5394,0.23,4300.16,5250500,3539079,9001883,973.40,1221,2020-12-31
古華花園飯店,Taoyuan-Hsinchu-Miaoli,255,7650,0.64,2678.25,13155564,15579635,29576290,1719.68,4912,2020-09-30
板橋凱撒大飯店,Others,400,12400,0.65,3131.33,25247901,12587954,37838739,2036.12,8063,2020-08-31
三德⼤飯店,Taipei,287,8323,0.15,1980.00,2436947,89508,5459952,292.84,1231,2020-02-29
趣淘漫旅,Scenery,198,6138,0.30,2376.00,4379702,913861,6336899,713.51,1843,2020-03-31
福容⼤飯店台北一館,Taipei,120,3720,0.37,3100.00,4315120,17250493,23578466,1160.02,1392,2020-01-31
美麗信花園酒店,Taipei,203,6090,0.28,1296.41,2193531,2002793,6348373,360.19,1692,2020-11-30
長榮桂冠酒店(基隆),Others,140,4200,0.78,2413.68,7933766,5535902,15828259,1888.99,3287,2020-11-30
⻑榮桂冠酒店(台中),Taichung,354,10974,0.60,2730.00,17859646,45927523,69405734,1627.63,6543,2020-01-31
Total,Total,28590,886290,0.59,4177.49,2180810143,3158882471,5954012828,2460.61,522038,2020-01-31
遠百企業觀光旅館,Others,40,1240,0.03,1000.00,38000,0,38000,30.65,38,2020-12-31
名都觀光渡假大飯店,Scenery,97,3007,0.19,2701.96,1513096,1791302,3391403,503.19,560,2020-10-31
台北W飯店,Taipei,405,12555,0.12,7615.00,11772591,9477313,25537616,937.41,1546,2020-03-31
耐斯王⼦⼤飯店,Others,245,7105,0.24,2396.00,4072361,7125618,11739029,573.36,1700,2020-02-29
漢來大飯店,Kaohsiung,535,16050,0.47,2623.63,19839894,62153678,136051809,1236.13,7562,2020-09-30
和逸飯店桃園青埔館,Taoyuan-Hsinchu-Miaoli,218,6758,0.06,3347.54,1355752,1931646,3605768,200.61,405,2020-07-31
阿⾥⼭賓館,Scenery,35,1085,0.42,6071.00,2768523,0,2768523,2551.64,456,2020-03-31
桃園喜來登酒店,Taoyuan-Hsinchu-Miaoli,190,5890,0.44,1647.97,4279789,9939047,15494064,726.62,2597,2020-08-31
豐⾢喜來登⼤飯店,Taoyuan-Hsinchu-Miaoli,384,11520,0.03,2425.00,732439,3247793,4255972,63.54,302,2020-06-30
花蓮翰品酒店,Hualien,197,6107,0.83,3375.97,17079054,9996796,27719833,2796.64,5059,2020-07-31
和逸飯店桃園青埔館,Taoyuan-Hsinchu-Miaoli,218,6758,0.62,5298.07,22183037,23080545,45464293,3282.49,4187,2020-12-31
⼤板根渡假酒店,Others,95,2945,0.26,4015.00,3123710,3842303,12476692,1060.76,778,2020-03-31
美侖大飯店,Hualien,343,10633,0.20,2328.39,4973441,4261025,9599334,467.74,2136,2020-12-31
麗尊大酒店,Kaohsiung,188,5640,0.39,2084.55,4621444,8042076,13206357,819.40,2217,2020-09-30
麒麟大飯店,Others,167,5177,0.59,3585.26,10996006,3068270,14320015,2124.01,3067,2020-08-31
尊爵天際大飯店,Taoyuan-Hsinchu-Miaoli,250,7750,0.36,2088.34,5822305,22631899,28620998,751.27,2788,2020-10-31
香格里拉台南遠東國際大飯店,Others,331,10261,0.80,3730.31,30435571,24320681,61454373,2966.14,8159,2020-08-31
新竹國賓大飯店,Taoyuan-Hsinchu-Miaoli,257,7710,0.43,2683.49,8930664,32264335,44774598,1158.32,3328,2020-11-30
娜路彎⼤酒店,Others,276,8556,0.33,2976.00,8504527,2274376,11092391,993.98,2858,2020-03-31
福容大飯店 福隆,Scenery,174,5394,0.55,4041.94,11980298,7415157,22303813,2221.04,2964,2020-10-31
寒舍艾麗酒店,Taipei,235,7285,0.31,3651.71,8307638,13637065,24463165,1140.38,2275,2020-10-31
天成⼤飯店,Taipei,225,6975,0.87,3271.00,19744921,47464057,72142437,2831.05,6037,2020-01-31
漢來大飯店,Kaohsiung,535,16585,0.58,2878.73,27699125,82774731,129221178,1670.13,9622,2020-08-31
大板根渡假酒店,Others,95,2850,0.89,4905.00,12375322,15971507,46380627,4342.22,2523,2020-11-30
福容大飯店 淡水漁人碼頭,Others,198,6138,0.64,4280.79,16891988,14158770,33404631,2752.03,3946,2020-07-31
高雄圓山大飯店,Scenery,107,3317,0.39,2843.64,3639857,9152368,14095339,1097.33,1280,2020-07-31
兄弟大飯店,Taipei,250,7750,0.09,2980.07,2121810,37257935,43929142,273.78,712,2020-07-31
三德大飯店,Taipei,287,8897,0.23,2993.72,6044314,1211695,9120070,679.37,2019,2020-10-31
花蓮亞士都飯店,Hualien,167,5177,0.74,1334.03,5100000,2000000,7164081,985.13,3823,2020-07-31
陸島酒店,Others,47,1410,0.39,1009.00,548975,84400,634625,389.27,544,2020-06-30
國賓⼤飯店,Taipei,422,13082,0.06,3203.00,2389748,52225261,58074566,182.57,746,2020-05-31
寒軒國際大飯店,Kaohsiung,380,11780,0.37,1898.65,8274322,9864610,19044214,702.40,4358,2020-07-31
⼤板根渡假酒店,Others,95,2945,0.88,5276.00,13749987,18531179,50448160,4668.73,2606,2020-01-31
台北寒舍艾美酒店,Taipei,160,4960,0.65,9031.00,29306252,84231484,130726093,5908.08,3245,2020-01-31
海灣藝術酒店,Taichung,226,7006,0.30,1330.00,2797488,1216250,4036677,399.27,2103,2020-01-31
名都觀光渡假⼤飯店,Scenery,97,3007,0.21,1925.00,1191617,2250588,3547114,396.36,619,2020-01-31
墾丁怡灣渡假酒店,Scenery,236,6844,0.27,1411.00,2561992,99725,2886618,374.34,1816,2020-02-29
花蓮亞士都飯店,Hualien,167,5177,0.76,1339.40,5300000,2354113,7720047,1023.76,3957,2020-08-31
鈺通⼤飯店,Others,120,3480,0.22,1567.00,1191260,2928587,4131430,342.23,760,2020-02-29
第一⼤飯店,Taipei,176,5280,0.03,1188.00,176986,3027420,17809253,33.50,149,2020-06-30
台北寒舍喜來登大飯店,Taipei,688,20640,0.31,3138.24,20053373,113781871,147824655,971.58,6390,2020-09-30
寒軒國際⼤飯店,Kaohsiung,380,11780,0.17,1890.00,3691955,6342238,10666379,313.36,1953,2020-03-31
美麗春天⼤飯店,Others,34,1020,0.07,2875.00,212756,42109,254865,208.44,74,2020-06-30
高雄圓山大飯店,Scenery,107,3317,0.51,2319.30,3942805,18231661,23159788,1188.67,1700,2020-12-31
⻑榮桂冠酒店(基隆),Others,140,4200,0.53,2594.00,5814092,3500771,11010222,1384.16,2241,2020-06-30
華泰王⼦⼤飯店,Taipei,220,6600,0.06,1105.00,453249,5349049,7206770,68.62,410,2020-04-30
慶泰⼤飯店,Taipei,150,4650,0.04,2619.00,487077,2582115,3306701,104.76,186,2020-03-31
高雄福華大飯店,Kaohsiung,271,8401,0.58,2254.00,11008560,27858933,42681273,1310.39,4884,2020-12-31
台北美福⼤飯店,Taipei,146,4380,0.22,4674.00,4603967,45287191,56369969,1051.18,985,2020-06-30
⼭泉⼤飯店,Others,146,4380,0.71,1428.00,4452580,996389,5735757,1016.16,3117,2020-06-30
國聯⼤飯店,Taipei,243,7290,0.46,780.00,2620636,454289,3399992,359.58,3361,2020-06-30
寒舍艾麗酒店,Taipei,235,7050,0.31,2775.00,6124581,384941,7616457,868.58,2207,2020-04-30
遠百企業觀光旅館,Others,40,1240,0.03,1000.00,38000,0,38000,30.65,38,2020-10-31
麗尊⼤酒店,Kaohsiung,188,5640,0.17,2019.00,1970954,7217503,9435693,349.29,976,2020-04-30
康華大飯店,Taipei,215,6450,0.09,1748.58,1043901,6500324,8056679,161.85,597,2020-11-30
尊爵天際大飯店,Taoyuan-Hsinchu-Miaoli,250,7750,0.22,2259.34,3849908,16635570,20594246,496.76,1704,2020-08-31
麒麟⼤飯店,Others,167,5010,0.12,1912.00,1139719,287655,1705134,227.53,596,2020-04-30
香格⾥拉台北遠東國際⼤飯店,Taipei,420,13020,0.59,6243.00,48294113,80181886,146109525,3709.59,7736,2020-01-31
六福客棧,Taipei,230,7130,0.49,1372.37,4748390,0,5706441,665.97,3460,2020-07-31
西華大飯店,Taipei,343,10290,0.24,2221.12,5519481,17260887,25893532,536.39,2485,2020-09-30
山泉大飯店,Others,146,4526,0.91,1914.02,7902974,1159557,9539506,1746.13,4129,2020-10-31
麒麟⼤飯店,Others,167,4843,0.26,4185.00,5360733,214338,5780071,1106.93,1281,2020-02-29
凱撒⼤飯店,Scenery,281,8711,0.79,3539.00,24243675,5600278,31527156,2783.42,6851,2020-03-31
遠雄悅來大飯店,Hualien,381,11811,0.59,3078.23,21406001,14879425,42384061,1812.38,6954,2020-12-31
高雄國賓大飯店,Kaohsiung,453,14043,0.68,2140.79,20350345,43674854,65611284,1449.15,9506,2020-12-31
慶泰大飯店,Taipei,150,4650,0.27,2052.86,2557863,2830441,5840440,550.08,1246,2020-12-31
福容大飯店 桃園,Taoyuan-Hsinchu-Miaoli,182,5642,0.38,2172.87,4656467,5303647,10747571,825.32,2143,2020-12-31
台北君品大酒店,Taipei,286,8866,0.26,2856.92,6579486,44682411,54960398,742.10,2303,2020-08-31
綠舞國際觀光飯店,Others,104,3224,0.12,5776.00,2154598,1133789,3757311,668.28,373,2020-03-31
台中港酒店,Taichung,200,6000,0.70,2543.06,10731699,2088642,13592775,1788.62,4220,2020-11-30
亞⼠都飯店,Taipei,40,1160,0.21,2280.00,551728,0,551728,475.61,242,2020-02-29
福容大飯店 淡水漁人碼頭,Others,198,6138,0.66,4643.86,18737980,17221059,38813267,3052.78,4035,2020-08-31
兄弟⼤飯店,Taipei,250,7750,0.10,3114.00,2372975,19568935,24197150,306.11,762,2020-03-31
尊爵⼤飯店,Taoyuan-Hsinchu-Miaoli,231,6930,0.00,0.00,0,4335299,4770543,0.00,0,2020-04-30
台中福華大飯店,Taichung,155,4650,0.65,2473.46,7497061,10674708,20573246,1612.27,3031,2020-11-30
美麗春天大飯店,Others,34,1054,0.09,3038.86,297808,121742,419550,282.55,98,2020-08-31
⼤板根渡假酒店,Others,95,2755,0.50,4075.00,5607265,7208287,24756120,2035.46,1376,2020-02-29
晶英國際行館,Kaohsiung,147,4410,0.39,6847.66,11647865,14034714,28521229,2641.24,1701,2020-09-30
台南⼤飯店,Others,152,4560,0.45,1948.00,4007970,6934147,11675963,879.13,2058,2020-06-30
國王⼤飯店,Taipei,97,2813,0.43,1496.00,1799929,557543,2407204,639.84,1203,2020-02-29
太魯閣晶英酒店,Scenery,160,4960,0.73,9416.73,34258073,10425652,49814728,6906.87,3638,2020-07-31
瑞穗天合國際觀光酒店,Hualien,198,6138,0.92,7212.67,40513595,22638742,73909811,6600.46,5617,2020-07-31
晶華酒店,Taipei,538,16140,0.39,3843.74,24131024,124209796,165342733,1495.11,6278,2020-11-30
樂樂日暉溫泉酒店,Others,48,1440,0.36,2497.98,1311438,0,1311438,910.72,525,2020-09-30
長榮桂冠酒店(基隆),Others,140,4340,0.75,3431.40,11230966,6822901,21028248,2587.78,3273,2020-08-31
康華⼤飯店,Taipei,215,6235,0.29,2503.00,4496047,5420655,10381039,721.11,1796,2020-02-29
北投老爺酒店,Taipei,50,1500,0.62,4842.91,4537807,4079862,10505948,3025.20,937,2020-11-30
北投老爺酒店,Taipei,50,1550,0.60,7558.00,7028697,3523438,11775838,4534.80,930,2020-01-31
台南⼤飯店,Others,152,4408,0.58,1928.00,4897209,5745209,11442457,1110.91,2540,2020-02-29
豪景⼤酒店,Taipei,209,6479,0.01,1777.00,63954,0,353518,9.95,36,2020-05-31
福華大飯店,Taipei,606,18786,0.28,2564.61,13595000,40173000,67249000,723.68,5301,2020-10-31
台北花園大酒店,Taipei,241,7471,0.27,1524.10,3122886,15121045,20177760,418.00,2049,2020-07-31
台北君品⼤酒店,Taipei,286,8294,0.39,4203.00,13559785,34433274,50848105,1634.97,3226,2020-02-29
寶華⼤飯店,Others,78,2418,0.10,1264.00,313416,0,315416,129.69,248,2020-05-31
山泉大飯店,Others,146,4380,0.80,1889.56,6613445,1011226,8025969,1509.92,3500,2020-11-30
台北華國大飯店,Taipei,326,9780,0.31,3002.65,9016952,6832720,16630673,921.98,3003,2020-11-30
晶悅國際飯店,Taoyuan-Hsinchu-Miaoli,388,11640,0.00,0.00,0,2385288,2813777,0.00,0,2020-06-30
北投老爺酒店,Taipei,50,1550,0.22,6631.00,2307634,1811397,4737531,1488.66,348,2020-03-31
神旺⼤飯店,Taipei,268,8308,0.01,2656.00,318738,16082620,17027954,38.25,120,2020-03-31
Total,Total,27968,839040,0.43,3473.46,1248364252,1920506705,3591135543,1487.85,359401,2020-11-30
台北萬豪酒店,Taipei,318,9858,0.54,4202.15,22561334,69414161,116323792,2288.63,5369,2020-10-31
歐華酒店,Taipei,112,3472,0.16,2648.83,1493942,7024813,9371777,430.28,564,2020-12-31
台北美福⼤飯店,Taipei,146,4526,0.16,3312.00,2424718,35092359,41271770,535.55,732,2020-05-31
遠百企業觀光旅館,Others,40,1160,0.05,1007.00,58400,0,58400,50.35,58,2020-02-29
⾼雄福華⼤飯店,Kaohsiung,271,8401,0.27,2010.00,4537216,9560670,16241194,540.09,2257,2020-03-31
陽明⼭中國麗緻⼤飯店,Scenery,47,1457,0.30,3055.00,1338067,1857833,7314260,918.33,438,2020-05-31
北投老爺酒店,Taipei,50,1500,0.22,5552.00,1815381,1654446,3951975,1210.34,327,2020-04-30
幼獅⼤飯店,Others,55,1705,0.12,1110.00,217500,0,237350,127.65,196,2020-05-31
國賓⼤飯店,Taipei,422,13082,0.09,3316.00,3763456,34638087,41150150,287.83,1135,2020-03-31
知本老爺大酒店,Scenery,182,5642,0.93,4874.53,25527890,13003527,43806201,4524.62,5237,2020-07-31
娜路彎⼤酒店,Others,276,8004,0.59,3627.00,16982847,8461189,28975963,2121.80,4682,2020-02-29
亞都麗緻大飯店,Taipei,209,6270,0.22,2646.77,3583733,12697749,20859641,571.57,1354,2020-11-30
南方莊園渡假飯店,Taoyuan-Hsinchu-Miaoli,111,3441,0.54,4498.42,8376058,12141679,27671291,2434.19,1862,2020-10-31
台北華國⼤飯店,Taipei,326,9454,0.55,2749.00,14168995,10015966,25867568,1498.75,5154,2020-02-29
馥藝金鬱金香酒店,Taoyuan-Hsinchu-Miaoli,191,5921,0.54,2215.29,7097792,4356184,11630753,1198.75,3204,2020-07-31
福容大飯店 高雄,Kaohsiung,250,7750,0.52,2218.91,8946635,2948532,11917303,1154.40,4032,2020-07-31
北投老爺酒店,Taipei,50,1500,0.45,4388.00,2931085,2835977,6579558,1953.98,668,2020-06-30
太魯閣晶英酒店,Scenery,160,4960,0.90,8779.89,39325113,11399503,56369836,7928.45,4479,2020-10-31
晶英國際⾏館,Kaohsiung,147,4410,0.28,6555.00,8055911,12910113,23483713,1826.88,1229,2020-06-30
墾丁怡灣渡假酒店,Scenery,234,7020,0.28,2399.41,4786829,282630,5222467,681.88,1995,2020-11-30
碧特弗大飯店,Others,54,1674,0.11,2907.28,537846,168019,705865,321.29,185,2020-12-31
福容⼤飯店桃園,Taoyuan-Hsinchu-Miaoli,182,5642,0.10,2208.00,1242947,1619392,3015938,220.36,563,2020-03-31
新竹喜來登大飯店,Taoyuan-Hsinchu-Miaoli,386,11966,0.46,2852.63,15854898,37716337,60856545,1325.00,5558,2020-12-31
漢來大飯店,Kaohsiung,535,16585,0.52,2861.19,24589109,64558153,105680219,1482.61,8594,2020-07-31
國王⼤飯店,Taipei,97,2910,0.00,3139.00,25113,102790,172483,8.48,8,2020-04-30
瑞穗天合國際觀光酒店,Hualien,198,6138,0.84,7665.41,39737465,17865536,68240099,6474.01,5184,2020-10-31
馥藝金鬱金香酒店,Taoyuan-Hsinchu-Miaoli,191,5921,0.75,2072.48,9187304,6758951,16301042,1551.65,4433,2020-10-31
全國大飯店,Taichung,178,5518,0.48,2276.53,6041915,9338823,17926868,1094.95,2654,2020-08-31
知本老爺大酒店,Scenery,182,5460,0.95,4486.67,23299268,11527181,39619867,4267.27,5193,2020-11-30
美侖大飯店,Hualien,343,10290,0.27,2432.87,6746343,2121244,9281085,655.62,2773,2020-11-30
幼獅⼤飯店,Others,55,1650,0.30,1602.00,789600,0,826500,478.68,493,2020-06-30
國聯⼤飯店,Taipei,243,7533,0.45,2323.00,7808927,1815831,10643397,1036.52,3361,2020-01-31
福容⼤飯店淡⽔漁⼈碼頭,Others,198,6138,0.43,5204.00,13686207,21111918,37744643,2229.91,2630,2020-01-31
瓏⼭林台北中和飯店,Others,126,3780,0.07,1990.00,563292,963492,2223934,149.05,283,2020-04-30
⼭泉⼤飯店,Others,146,4526,0.48,2465.00,5330977,1162057,6834772,1178.02,2163,2020-01-31
豪景大酒店,Taipei,209,6270,0.02,1810.64,275217,0,562237,43.89,152,2020-09-30
美麗春天大飯店,Others,34,1020,0.09,2694.64,245212,125096,370308,240.40,91,2020-09-30
國賓大飯店,Taipei,422,12660,0.20,1926.77,4911345,94600578,104518182,387.94,2549,2020-09-30
樂樂⽇暉溫泉酒店,Others,48,1488,0.00,2006.00,14044,0,14044,9.43,7,2020-05-31
天成⼤飯店,Taipei,225,6750,0.37,1164.00,2920521,14187048,18371922,432.66,2509,2020-06-30
日勝生加賀屋國際溫泉飯店,Taipei,90,2790,0.56,6603.32,10281369,9480334,22822698,3685.08,1557,2020-08-31
名⼈堂花園⼤飯店,Taoyuan-Hsinchu-Miaoli,128,3712,0.18,6031.00,4046909,11029299,20523102,1090.40,671,2020-02-29
墾丁福華渡假飯店,Scenery,458,14198,0.47,3829.00,25614418,9280507,36219298,1803.84,6689,2020-01-31
幼獅大飯店,Others,53,1643,0.31,1868.79,956820,0,1002120,582.36,512,2020-08-31
新⽵喜來登⼤飯店,Taoyuan-Hsinchu-Miaoli,386,11966,0.28,2818.00,9325101,15466777,28523833,779.18,3309,2020-03-31
名都觀光渡假⼤飯店,Scenery,97,3007,0.01,2183.00,41470,894626,969775,13.75,19,2020-05-31
太魯閣晶英酒店,Scenery,160,4960,0.85,8827.67,37367514,10962941,54004305,7533.77,4233,2020-12-31
礁溪老爺大酒店,Scenery,197,5910,0.73,6484.66,28020230,20110012,59377518,4741.16,4321,2020-09-30
遠雄悅來大飯店,Hualien,381,11811,0.93,4282.15,46979497,24066412,84933406,3977.61,10971,2020-08-31
台南⼤員皇冠假⽇酒店,Others,230,6900,0.59,3167.00,12900724,11938408,27932589,1869.48,4073,2020-06-30
首都大飯店,Taipei,129,3870,0.30,1779.72,2052014,1916705,4708375,530.24,1153,2020-09-30
台中港酒店,Taichung,200,6200,0.77,2660.25,12676101,2139439,15580157,2044.53,4765,2020-07-31
Total,Total,27978,867318,0.45,3658.12,1431586781,1800072427,3696812458,1650.59,391345,2020-07-31
台北君品⼤酒店,Taipei,286,8866,0.19,2916.00,4892901,34993466,42912310,552.00,1678,2020-03-31
台中港酒店,Taichung,200,6200,0.54,2749.38,9224173,1787023,13255159,1487.77,3355,2020-12-31
洛碁⼤飯店花華本館,Taipei,112,3248,0.52,1792.00,3003849,0,3003849,924.67,1676,2020-02-29
福華大飯店,Taipei,606,18786,0.30,2527.50,14384000,32424000,59891000,765.68,5691,2020-08-31
台北君悅酒店,Taipei,850,25500,0.18,4068.14,19022617,93358083,126837202,745.98,4676,2020-09-30
鈺通大飯店,Others,120,3600,0.38,1771.77,2432642,5509322,7959413,675.73,1373,2020-11-30
國王大飯店,Taipei,97,2910,0.05,1662.77,242764,170653,457399,83.42,146,2020-11-30
高雄福華大飯店,Kaohsiung,271,8130,0.53,2169.10,9259902,19145205,31072389,1138.98,4269,2020-09-30
Total,Total,27925,865675,0.45,3734.55,1460876555,2310227260,4254115135,1687.56,391179,2020-12-31
長榮桂冠酒店(台中),Taichung,354,10620,0.55,2110.51,12251519,44613068,61236261,1153.63,5805,2020-09-30
義大皇家酒店,Kaohsiung,656,20336,0.64,3053.75,39714008,23656449,67557555,1952.89,13005,2020-07-31
幼獅⼤飯店,Others,55,1705,0.07,1648.00,197800,0,211400,116.02,120,2020-03-31
台北有園飯店,Taipei,56,1736,0.40,2469.50,1701485,0,2357377,980.12,689,2020-12-31
福華大飯店,Taipei,606,18180,0.19,2468.81,8668000,28894000,51026000,476.79,3511,2020-11-30
福容⼤飯店淡⽔漁⼈碼頭,Others,198,5940,0.49,3310.00,9675417,11657245,22997983,1628.85,2923,2020-06-30
⼭泉⼤飯店,Others,146,4380,0.28,1543.00,1878352,355760,2351697,428.80,1217,2020-04-30
台中福華⼤飯店,Taichung,155,4805,0.59,3028.00,8641917,20844585,32645260,1798.63,2854,2020-01-31
麗尊⼤酒店,Kaohsiung,188,5828,0.57,2820.00,9400797,25779537,36527264,1613.32,3334,2020-01-31
海灣藝術酒店,Taichung,226,7006,0.27,2296.80,4272040,17460,4289500,609.77,1860,2020-08-31
首都大飯店,Taipei,129,3999,0.15,2098.40,1261137,1635530,3412231,315.36,601,2020-07-31
晶英國際⾏館,Kaohsiung,147,4557,0.15,6774.00,4667013,8862339,14952858,1024.23,689,2020-03-31
⻑榮桂冠酒店(基隆),Others,140,4340,0.68,3378.00,9931498,5939549,18889844,2288.26,2940,2020-01-31
桃園喜來登酒店,Taoyuan-Hsinchu-Miaoli,190,5700,0.17,2010.00,2003929,6597798,9306299,351.55,997,2020-06-30
晶英國際行館,Kaohsiung,147,4410,0.40,6449.53,11435025,15684259,30370641,2592.98,1773,2020-11-30
桃園喜來登酒店,Taoyuan-Hsinchu-Miaoli,190,5700,0.34,1997.63,3817462,8890051,13927260,669.73,1911,2020-11-30
台北寒舍艾美酒店,Taipei,160,4800,0.29,6499.29,9001519,62657541,78143913,1875.32,1385,2020-11-30
神旺大飯店,Taipei,268,8040,0.03,2672.63,582634,19707858,21363403,72.47,218,2020-09-30
美麗春天⼤飯店,Others,34,1054,0.40,2158.00,904045,229197,1133242,857.81,419,2020-01-31
新竹老爺大酒店,Taoyuan-Hsinchu-Miaoli,208,6448,0.48,2519.81,7844179,14053156,22900097,1216.53,3113,2020-12-31
圓山大飯店,Taipei,473,14190,0.66,2509.24,23539191,57725822,93165949,1658.86,9381,2020-09-30
國王大飯店,Taipei,97,3007,0.03,1274.72,113450,146277,302781,37.73,89,2020-10-31
台北諾富特華航桃園機場飯店,Taoyuan-Hsinchu-Miaoli,516,15480,0.16,2955.00,7206271,3092148,11746178,465.71,2439,2020-04-30
六福客棧,Taipei,230,6900,0.03,0.00,0,0,51525,0.00,210,2020-06-30
馥藝金鬱金香酒店,Taoyuan-Hsinchu-Miaoli,191,5730,0.54,2068.52,6433083,3927052,10752314,1122.70,3110,2020-11-30
台北寒舍艾美酒店,Taipei,160,4960,0.32,6136.47,9830628,56060321,72861348,1981.98,1602,2020-10-31
遠雄悅來⼤飯店,Hualien,381,11811,0.73,2012.00,17443280,11946052,33731164,1477.01,8671,2020-05-31
豐⾢喜來登⼤飯店,Taoyuan-Hsinchu-Miaoli,384,11520,0.01,2244.00,242393,2394581,2807436,21.09,108,2020-04-30
礁溪老爺⼤酒店,Scenery,197,6107,0.49,5821.00,17531401,10909501,35541848,2870.92,3012,2020-03-31
寶華⼤飯店,Others,78,2340,0.34,1590.00,1264446,6360,1272806,540.12,795,2020-06-30
老爺⼤酒店,Taipei,202,6262,0.22,2471.00,3404542,15897570,22503338,543.87,1378,2020-05-31
福容大飯店 高雄,Kaohsiung,250,7500,0.54,1855.02,7518387,3494801,11028291,1002.45,4053,2020-11-30
台北萬豪酒店,Taipei,318,9858,0.08,5339.00,4436587,30790694,45093635,450.08,831,2020-05-31
寒軒國際大飯店,Kaohsiung,380,11780,0.49,1986.17,11358893,14139745,26298174,964.25,5719,2020-10-31
福容大飯店 台北一館,Taipei,120,3720,0.31,1448.14,1679847,4957907,7178394,451.57,1160,2020-10-31
阿里山賓館,Scenery,35,1085,0.55,5842.31,3517071,0,3517071,3241.54,602,2020-07-31
福容⼤飯店林⼝,Taoyuan-Hsinchu-Miaoli,149,4470,0.20,2590.00,2328405,964164,3296121,520.85,899,2020-06-30
⼤板根渡假酒店,Others,95,2850,0.82,4655.00,10822907,11123533,35737472,3797.55,2325,2020-06-30
寶華大飯店,Others,78,2418,0.80,2744.59,5316278,40860,5359138,2198.63,1937,2020-08-31
悅川酒店,Others,103,3090,0.71,3556.99,7804033,5907101,13711134,2525.58,2194,2020-11-30
福容大飯店 桃園,Taoyuan-Hsinchu-Miaoli,182,5642,0.44,2202.89,5412503,4920182,10845840,959.32,2457,2020-10-31
義⼤皇家酒店,Kaohsiung,656,19024,0.25,2709.00,12686247,11797157,26554587,666.96,4683,2020-02-29
台北寒舍艾美酒店,Taipei,160,4800,0.33,4881.00,7809546,36015295,49237767,1626.84,1600,2020-06-30
尊爵天際⼤飯店,Taoyuan-Hsinchu-Miaoli,250,7750,0.17,2723.00,3599171,27840745,31545815,464.54,1322,2020-03-31
台北君悅酒店,Taipei,850,26350,0.30,3857.12,30232131,75538234,121808379,1147.33,7838,2020-10-31
花蓮亞⼠都飯店,Hualien,167,5177,0.12,982.00,600000,300000,915558,115.88,611,2020-03-31
涵碧樓⼤飯店,Scenery,96,2880,0.78,14205.00,32102845,7584991,44859623,11146.66,2260,2020-06-30
龍谷大飯店,Scenery,189,5859,0.39,1979.44,4467601,1368300,6350982,762.52,2257,2020-10-31
康華⼤飯店,Taipei,215,6665,0.03,2599.00,524943,2287684,3271935,78.75,202,2020-03-31
香格里拉台南遠東國際大飯店,Others,331,10261,0.70,3419.98,24552008,32943156,64168988,2392.75,7179,2020-12-31
碧特弗⼤飯店,Others,54,1566,0.09,2783.00,403537,22504,426041,257.71,145,2020-02-29
六福客棧,Taipei,230,6900,0.47,1569.24,5073368,0,5560159,735.27,3233,2020-09-30
雲品溫泉酒店日月潭,Scenery,211,6330,0.94,8749.83,51930238,26864751,84619958,8203.83,5935,2020-11-30
新⽵喜來登⼤飯店,Taoyuan-Hsinchu-Miaoli,386,11194,0.35,3349.00,13200572,22157171,40222497,1179.52,3942,2020-02-29
福華大飯店,Taipei,606,18786,0.23,2416.93,10593425,29054736,52799771,563.90,4383,2020-07-31
台北諾富特華航桃園機場飯店,Taoyuan-Hsinchu-Miaoli,516,15480,0.00,0.00,7367624,4784081,13728987,0.00,0,2020-06-30
福容⼤飯店淡⽔漁⼈碼頭,Others,198,5742,0.23,3520.00,4720709,7421153,13318777,821.92,1341,2020-02-29
台糖⻑榮酒店(台南),Others,197,5910,0.61,2462.00,8825741,15950481,32503335,1493.45,3585,2020-06-30
尊爵⼤飯店,Taoyuan-Hsinchu-Miaoli,231,7161,0.09,2644.00,1626018,3592058,5852623,227.12,615,2020-03-31
⾼雄圓⼭⼤飯店,Scenery,107,3317,0.45,3447.00,5139306,19067053,25305035,1549.43,1491,2020-01-31
澎湖福朋喜來登酒店,Others,331,10261,0.25,2181.04,5651067,10578947,18321395,550.73,2591,2020-12-31
天成⼤飯店,Taipei,225,6975,0.17,1202.00,1441412,10992638,13249736,206.62,1199,2020-05-31
凱撒⼤飯店,Scenery,281,8430,0.99,4675.00,39011566,8405415,59820138,4627.32,8344,2020-06-30
兄弟大飯店,Taipei,250,7750,0.57,1921.49,8456457,39813908,53105435,1091.16,4401,2020-12-31
日勝生加賀屋國際溫泉飯店,Taipei,90,2700,0.58,8600.14,13450616,10798333,31170760,4981.71,1564,2020-11-30
澎湖福朋喜來登酒店,Others,331,10261,0.71,3414.49,24843824,26551934,56537046,2421.19,7276,2020-10-31
義華酒店,Taipei,149,4470,0.16,3064.00,2255104,108881,3781286,504.50,736,2020-11-30
阿⾥⼭賓館,Scenery,35,1050,0.17,6075.00,1093532,0,1093532,1041.25,180,2020-04-30
礁溪老爺大酒店,Scenery,197,6107,0.80,7340.97,36014813,17350081,67535642,5897.30,4906,2020-08-31
名人堂花園大飯店,Taoyuan-Hsinchu-Miaoli,128,3968,0.46,5120.75,9248074,17475585,34527926,2330.66,1806,2020-12-31
義大皇家酒店,Kaohsiung,656,20336,0.71,3218.97,46401441,28070718,78989888,2281.74,14415,2020-08-31
新⽵國賓⼤飯店,Taoyuan-Hsinchu-Miaoli,257,7967,0.64,3419.00,17549123,50758831,74752352,2202.86,5133,2020-01-31
義⼤皇家酒店,Kaohsiung,656,20336,0.08,2273.00,3520877,6851629,12102813,173.20,1549,2020-03-31
阿⾥⼭賓館,Scenery,35,1085,0.36,7709.00,2983363,0,2983363,2749.80,387,2020-01-31
台北中⼭雅樂軒酒店,Taipei,88,2728,0.19,2159.00,1127001,299957,1576545,413.02,522,2020-05-31
台北花園大酒店,Taipei,241,7230,0.38,1295.84,3557079,18958918,24792384,491.99,2745,2020-11-30
碧特弗大飯店,Others,54,1674,0.12,2774.83,541092,127504,668596,323.23,195,2020-07-31
悅川酒店,Others,103,3090,0.74,3119.00,7089142,6282152,13371294,2294.34,2273,2020-06-30
義華酒店,Taipei,149,4619,0.06,3540.00,934560,119015,2535315,202.49,264,2020-03-31
國賓大飯店,Taipei,422,13082,0.18,2417.90,5677231,69797060,81506007,433.97,2348,2020-10-31
豐⾢喜來登⼤飯店,Taoyuan-Hsinchu-Miaoli,384,11904,0.24,3730.00,10648834,5881089,18015224,894.45,2855,2020-01-31
豪景大酒店,Taipei,209,6479,0.06,1893.84,702615,123975,1113679,108.44,371,2020-10-31
趣淘漫旅,Scenery,198,5940,0.69,2776.97,11316160,3776923,16607247,1905.08,4075,2020-11-30
裕元花園酒店,Taichung,149,4619,0.34,2433.00,3855932,10177707,16829390,834.76,1585,2020-03-31
台北中⼭雅樂軒酒店,Taipei,88,2552,0.32,4940.00,4060858,384329,4983377,1591.17,822,2020-02-29
台東桂⽥喜來登酒店,Others,278,8618,0.49,3517.00,14984498,15195086,32639251,1738.45,4260,2020-01-31
凱撒⼤飯店,Scenery,281,8711,0.76,3783.00,25052268,5432368,32336961,2875.84,6622,2020-05-31
華園大飯店,Kaohsiung,269,8339,0.46,1515.71,5835486,3497762,9638670,699.78,3850,2020-12-31
南⽅莊園渡假飯店,Taoyuan-Hsinchu-Miaoli,111,3330,0.38,4348.00,5543667,8153868,17919316,1664.85,1275,2020-06-30
台北華國大飯店,Taipei,326,10106,0.15,3732.97,5789829,7621243,14250711,572.91,1551,2020-12-31
鈺通大飯店,Others,120,3720,0.44,2147.78,3545980,5504260,9066940,953.22,1651,2020-10-31
桃園喜來登酒店,Taoyuan-Hsinchu-Miaoli,190,5890,0.14,1771.00,1471509,3727722,5724894,249.89,831,2020-05-31
遠雄悅來⼤飯店,Hualien,381,11811,0.55,3656.00,23619691,16320479,46650072,1999.47,6460,2020-01-31
知本老爺大酒店,Scenery,182,5642,0.94,4740.73,25211216,12519073,42658131,4468.49,5318,2020-10-31
全國大飯店,Taichung,178,5518,0.42,2135.44,4999064,8037670,16528143,905.96,2341,2020-07-31
首都大飯店,Taipei,129,3999,0.00,,0,0,179189,,0,2020-12-31
義⼤皇家酒店,Kaohsiung,656,20336,0.51,3707.00,38300724,33969387,77151976,1883.53,10332,2020-01-31
⻄華⼤飯店,Taipei,343,10633,0.08,3912.00,3180239,6060372,10836728,299.27,813,2020-03-31
名⼈堂花園⼤飯店,Taoyuan-Hsinchu-Miaoli,128,3840,0.36,5084.00,6965454,15299789,28626440,1813.97,1370,2020-06-30
遠雄悅來⼤飯店,Hualien,381,11049,0.48,3023.00,16072973,9806063,30924494,1454.67,5317,2020-02-29
福華⼤飯店,Taipei,606,18786,0.06,2610.00,2879000,28545000,43662000,153.21,1103,2020-05-31
康華⼤飯店,Taipei,215,6665,0.00,0.00,0,3334768,3552791,0.00,0,2020-05-31
天成大飯店,Taipei,225,6750,0.57,1533.20,5858353,18929883,26720126,867.90,3821,2020-11-30
瓏山林台北中和飯店,Others,126,3906,0.27,2316.50,2411477,3875242,7220906,617.38,1041,2020-12-31
晶英國際⾏館,Kaohsiung,147,4410,0.09,6873.00,2845234,7282473,11301407,645.37,414,2020-04-30
康華大飯店,Taipei,215,6450,0.09,2209.06,1314393,7069066,9045022,203.78,595,2020-09-30
趣淘漫旅,Scenery,198,5940,0.54,2795.00,8919123,2014245,12956262,1501.47,3191,2020-06-30
寒軒國際⼤飯店,Kaohsiung,380,11400,0.25,1865.00,5213591,6671981,12626279,457.30,2795,2020-06-30
阿里山賓館,Scenery,35,1050,0.52,4991.38,2705328,0,2705328,2576.50,542,2020-09-30
台中福華⼤飯店,Taichung,155,4805,0.35,2314.00,3849839,4764984,9968131,801.34,1664,2020-05-31
雲品溫泉酒店日月潭,Scenery,211,6330,0.91,8117.13,46917028,24924199,77015025,7411.85,5780,2020-09-30
美麗信花園酒店,Taipei,203,6293,0.38,1244.59,2958389,2936389,8837678,470.11,2377,2020-07-31
台北萬豪酒店,Taipei,318,9540,0.30,4731.72,13707792,53338426,90350640,1436.88,2897,2020-09-30
老爺⼤酒店,Taipei,202,6060,0.14,2512.00,2090232,9567728,14297349,344.90,832,2020-04-30
⾼雄圓⼭⼤飯店,Scenery,107,3317,0.14,2346.00,1086262,6251348,7818844,327.50,463,2020-03-31
遠雄悅來大飯店,Hualien,381,11811,0.88,3356.97,34862149,19787005,63795957,2951.67,10385,2020-10-31
華園⼤飯店,Kaohsiung,269,7801,0.32,1680.00,4137691,1464913,6310467,530.38,2463,2020-02-29
澎湖福朋喜來登酒店,Others,331,10261,0.16,1884.00,3111026,4672545,9118364,303.14,1651,2020-03-31
板橋凱撒大飯店,Others,400,12400,0.71,3968.23,34968045,12576605,47557569,2820.00,8812,2020-12-31
義⼤皇家酒店,Kaohsiung,656,19680,0.41,2621.00,20970758,15256847,39286467,1065.44,8000,2020-06-30
北投老爺酒店,Taipei,50,1550,0.66,6179.39,6309153,4328271,12969745,4070.42,1021,2020-12-31
合尊酒店,Taipei,101,3131,0.70,3026.31,6591308,3140738,10725656,2105.18,2178,2020-08-31
台南大飯店,Others,152,4560,0.52,1947.07,4610662,8513068,14263017,1011.11,2368,2020-11-30
圓⼭⼤飯店,Taipei,500,15000,0.04,2857.00,1805413,8714140,14081540,120.28,632,2020-04-30
墾丁怡灣渡假酒店,Scenery,234,7254,0.46,2776.82,9260689,510328,10134427,1276.63,3335,2020-10-31
義大皇家酒店,Kaohsiung,656,19680,0.38,2830.57,21285871,16514280,40484928,1081.60,7520,2020-11-30
歐華酒店,Taipei,112,3472,0.05,3295.00,573380,2771502,3810965,165.08,174,2020-03-31
寒軒國際⼤飯店,Kaohsiung,380,11400,0.08,1772.00,1679771,4642432,6575335,147.43,948,2020-04-30
台北美福⼤飯店,Taipei,146,4380,0.12,4591.00,2391983,17233166,21422720,545.87,521,2020-04-30
美麗春天大飯店,Others,34,1020,0.12,2697.80,321038,96355,417393,314.74,119,2020-11-30
台北凱撒⼤飯店,Taipei,478,13862,0.40,3562.00,19516713,8290830,32535547,1408.06,5479,2020-02-29
裕元花園酒店,Taichung,149,4470,0.65,2871.56,8333268,26320943,39033388,1864.27,2902,2020-09-30
日月行館,Scenery,92,2852,0.43,11271.16,13773360,1608257,15823039,4829.37,1222,2020-07-31
寶華大飯店,Others,78,2340,0.07,1225.20,193582,0,195582,82.73,158,2020-11-30
晶華酒店,Taipei,538,16678,0.17,4604.00,13080531,65975762,121852090,784.06,2841,2020-03-31
台糖⻑榮酒店(台南),Others,197,6107,0.35,2093.00,4430242,9312123,14299196,725.64,2117,2020-05-31
台北中⼭雅樂軒酒店,Taipei,88,2728,0.68,3854.00,7106232,638114,8647763,2605.30,1844,2020-01-31
尊爵天際大飯店,Taoyuan-Hsinchu-Miaoli,250,7750,0.29,2242.37,4980300,25742317,31045939,642.62,2221,2020-12-31
全國大飯店,Taichung,178,5340,0.43,2002.33,4611367,9962577,16885010,863.55,2303,2020-11-30
義華酒店,Taipei,149,4619,0.24,2865.00,3217395,104285,3764455,696.56,1123,2020-10-31
台南大飯店,Others,152,4712,0.57,2205.86,5940371,6020813,12711943,1260.69,2693,2020-07-31
亞都麗緻大飯店,Taipei,209,6479,0.29,2614.97,4918764,12121760,20228893,759.19,1881,2020-07-31
豐⾢喜來登⼤飯店,Taoyuan-Hsinchu-Miaoli,384,11904,0.01,2307.00,281477,3375381,3899980,23.53,122,2020-05-31
尊爵⼤飯店,Taoyuan-Hsinchu-Miaoli,231,7161,0.00,0.00,0,0,7635816,0.00,0,2020-05-31
台南⼤飯店,Others,152,4712,0.30,1673.00,2349973,6537632,9520931,498.89,1405,2020-05-31
台北花園大酒店,Taipei,241,7471,0.41,1491.78,4546940,24243387,31521061,608.61,3048,2020-12-31
義華酒店,Taipei,149,4470,0.14,3125.00,1918750,104445,2517991,429.38,614,2020-06-30
龍⾕⼤飯店,Scenery,189,5670,0.16,1669.00,1520743,762461,2505744,268.21,911,2020-06-30
寒舍艾麗酒店,Taipei,235,6815,0.18,5361.00,6524669,5412866,13575835,957.47,1217,2020-02-29
新⽵老爺⼤酒店,Taoyuan-Hsinchu-Miaoli,208,6240,0.36,2560.00,5759028,9266262,15882391,923.14,2250,2020-06-30
香格里拉台北遠東國際大飯店,Taipei,420,13020,0.32,4370.66,17998369,40378550,68351930,1382.36,4118,2020-08-31
晶英國際行館,Kaohsiung,147,4557,0.31,7322.73,10376311,14404688,27432786,2277.00,1417,2020-07-31
礁溪老爺大酒店,Scenery,197,6107,0.84,7067.71,36462315,22246533,71397964,5970.58,5159,2020-10-31
香格里拉台南遠東國際大飯店,Others,331,10261,0.75,3533.72,27114203,18914941,51763374,2642.45,7673,2020-07-31
蘭城晶英酒店,Others,193,5790,0.83,8910.07,42901971,42681163,96032891,7409.67,4815,2020-11-30
樂樂⽇暉溫泉酒店,Others,48,1392,0.01,2357.00,23572,0,23572,16.97,10,2020-02-29
墾丁福華渡假飯店,Scenery,458,14198,0.33,2460.00,11451486,3194432,15253744,806.63,4656,2020-05-31
兄弟⼤飯店,Taipei,250,7500,0.07,2926.00,1594597,33086587,38371690,212.72,545,2020-06-30
台北有園飯店,Taipei,56,1680,0.26,2032.00,896330,0,1518901,533.40,441,2020-06-30
台中福華大飯店,Taichung,155,4805,0.60,2648.21,7679820,14473538,24803987,1598.30,2900,2020-12-31
三德⼤飯店,Taipei,287,8610,0.12,923.00,917889,63980,2723207,106.51,994,2020-04-30
福容大飯店 高雄,Kaohsiung,250,7750,0.46,2023.58,7187772,2959156,10150664,927.45,3552,2020-12-31
慶泰⼤飯店,Taipei,150,4500,0.02,1552.00,125717,2114445,2389073,27.94,81,2020-04-30
遠百企業觀光旅館,Others,40,1240,0.03,1014.63,41600,0,41600,33.55,41,2020-07-31
耐斯王⼦⼤飯店,Others,245,7595,0.18,1934.00,2659745,7105486,10661104,350.05,1375,2020-05-31
海灣藝術酒店,Taichung,226,6780,0.89,2181.11,13217500,0,13225500,1949.48,6060,2020-09-30
台北寒舍喜來登⼤飯店,Taipei,688,19952,0.30,4623.00,28104343,61067046,101712698,1408.63,6079,2020-02-29
豐邑喜來登大飯店,Taoyuan-Hsinchu-Miaoli,384,11904,0.11,2832.68,3747630,3097418,7435631,314.82,1323,2020-07-31
台北W飯店,Taipei,405,12555,0.10,7032.00,9113117,14141535,27365328,725.70,1296,2020-05-31
⾼雄圓⼭⼤飯店,Scenery,107,3210,0.16,2341.00,1215172,3206714,5014982,378.54,519,2020-04-30
香格⾥拉台北遠東國際⼤飯店,Taipei,420,12600,0.13,4662.00,7920307,37371329,52890056,628.44,1699,2020-06-30
美麗信花園酒店,Taipei,203,5887,0.46,1704.00,4626731,3098914,11153542,785.88,2715,2020-02-29
福容⼤飯店福隆,Scenery,174,5394,0.27,4115.00,5942161,5211085,11259474,1101.59,1444,2020-01-31
台中福華大飯店,Taichung,155,4650,0.66,2460.32,7494148,9096463,21738340,1611.64,3046,2020-09-30
新⽵國賓⼤飯店,Taoyuan-Hsinchu-Miaoli,257,7967,0.14,2908.00,3332726,14548632,20228280,418.17,1146,2020-03-31
綠舞國際觀光飯店,Others,104,3224,0.39,6698.00,8485839,5468576,15618561,2632.31,1267,2020-01-31
龍谷大飯店,Scenery,189,5670,0.28,1691.76,2656057,1220810,4202370,468.44,1570,2020-09-30
古華花園飯店,Taoyuan-Hsinchu-Miaoli,255,7905,0.65,1357.65,6937601,20416734,28752331,877.62,5110,2020-07-31
台北寒舍喜來登⼤飯店,Taipei,688,20640,0.10,2972.00,5897314,38136003,52276717,285.61,1984,2020-04-30
悅川酒店,Others,103,3193,0.56,2159.00,3825508,3725760,7551268,1198.25,1772,2020-03-31
華泰王⼦⼤飯店,Taipei,212,6572,0.47,2753.00,8511853,17092363,28374158,1295.29,3092,2020-01-31
台北凱撒大飯店,Taipei,478,14818,0.56,2015.83,16822135,17611244,38678571,1135.25,8345,2020-08-31
福容⼤飯店⾼雄,Kaohsiung,250,7250,0.25,2064.00,3789255,1378357,5174393,522.60,1836,2020-02-29
日勝生加賀屋國際溫泉飯店,Taipei,90,2790,0.74,8959.11,18410973,15557432,44615403,6598.92,2055,2020-12-31
台北W飯店,Taipei,405,12150,0.09,7316.00,7725749,6510516,17396116,635.76,1056,2020-04-30
碧特弗大飯店,Others,54,1674,0.09,3030.57,469739,91838,561577,280.61,155,2020-08-31
蘭城晶英酒店,Others,193,5983,0.20,7883.00,9483225,20046821,32984377,1585.27,1203,2020-03-31
南⽅莊園渡假飯店,Taoyuan-Hsinchu-Miaoli,111,3219,0.42,4378.00,5919679,6068944,15702071,1838.76,1352,2020-02-29
長榮鳳凰酒店(礁溪),Others,231,7161,0.68,6197.61,30324882,22506595,61610989,4234.73,4893,2020-10-31
台北萬豪酒店,Taipei,318,9540,0.39,4164.69,15463480,64150209,100705504,1620.91,3713,2020-11-30
⻄華⼤飯店,Taipei,343,10290,0.03,4016.00,1048158,3381588,5224152,102.01,261,2020-04-30
兄弟⼤飯店,Taipei,250,7250,0.27,3325.00,6573248,27654813,37355648,906.73,1977,2020-02-29
⾼雄福華⼤飯店,Kaohsiung,271,8130,0.21,2021.00,3479637,6242068,11259591,428.05,1722,2020-04-30
福容⼤飯店福隆,Scenery,174,5394,0.17,2464.00,2293870,1831715,4199965,425.29,931,2020-03-31
墾丁福華渡假飯店,Scenery,458,13740,0.76,3260.00,33961870,8252732,44005718,2471.73,10418,2020-06-30
香格⾥拉台南遠東國際⼤飯店,Others,331,10261,0.39,2982.00,11854694,8053379,22850199,1155.53,3976,2020-03-31
遠雄悅來⼤飯店,Hualien,381,11430,0.33,2715.00,10111281,5458560,18908311,884.55,3724,2020-04-30
第一⼤飯店,Taipei,176,5280,0.01,1318.00,50091,2334277,16448251,9.49,38,2020-04-30
瓏⼭林台北中和飯店,Others,126,3906,0.07,2254.00,655844,1249190,2834122,167.92,291,2020-03-31
和逸飯店桃園青埔館,Taoyuan-Hsinchu-Miaoli,218,6758,0.80,4629.87,25103159,23107485,53312416,3714.58,5422,2020-10-31
豪景⼤酒店,Taipei,209,6270,0.00,2140.00,40654,0,327658,6.42,19,2020-06-30
合尊酒店,Taipei,101,3131,0.51,3026.00,4860045,2061675,7623225,1552.04,1606,2020-05-31
麒麟⼤飯店,Others,167,5010,0.36,2724.00,4898347,1004303,6132785,977.64,1798,2020-06-30
澎湖福朋喜來登酒店,Others,331,10261,0.29,2553.00,7465350,0,17700637,727.60,2924,2020-05-31
樂樂⽇暉溫泉酒店,Others,48,1488,0.00,0.00,0,0,0,0.00,0,2020-03-31
花蓮翰品酒店,Hualien,197,5910,0.79,2405.97,11182927,10060032,21948793,1892.20,4648,2020-11-30
台中福華⼤飯店,Taichung,155,4495,0.40,2546.00,4587730,5543509,11273804,1020.69,1802,2020-02-29
Total,Total,28594,857820,0.15,3282.54,425998598,730926016,1399631627,496.61,129777,2020-04-30
老爺大酒店,Taipei,202,6262,0.52,2263.76,7395691,20579395,32389673,1181.04,3267,2020-08-31
六福客棧,Taipei,230,7130,0.16,1209.00,1380931,7086756,9121102,193.68,1142,2020-03-31
合尊酒店 S Hotel,Taipei,101,3131,0.54,3788.29,6451466,2363479,9702296,2060.51,1703,2020-10-31
台北君悅酒店,Taipei,850,25500,0.10,4507.00,11408296,57152480,80842521,447.55,2531,2020-06-30
福容大飯店 林口,Taoyuan-Hsinchu-Miaoli,149,4619,0.38,2673.66,4753761,2299897,7073758,1029.18,1778,2020-12-31
幼獅大飯店,Others,55,1650,0.17,1362.95,378900,0,404500,229.64,278,2020-11-30
台北寒舍喜來登大飯店,Taipei,688,20640,0.30,3078.88,19230690,93681698,127319406,931.72,6246,2020-11-30
香格里拉台南遠東國際大飯店,Others,331,9930,0.68,3285.37,22057971,24846731,52163438,2221.35,6714,2020-09-30
圓山大飯店,Taipei,473,14663,0.66,2525.10,24420233,49957510,87797283,1665.43,9671,2020-08-31
山泉大飯店,Others,146,4526,0.46,3166.10,6626644,845068,7864959,1464.13,2093,2020-07-31
新⽵喜來登⼤飯店,Taoyuan-Hsinchu-Miaoli,386,11580,0.50,2427.00,13916355,25057014,43339647,1202.09,5735,2020-06-30
華園大飯店,Kaohsiung,269,8339,0.61,1455.39,7454485,4800673,12639472,893.93,5122,2020-10-31
碧特弗⼤飯店,Others,54,1620,0.07,2844.00,335585,31765,367350,207.04,118,2020-06-30
台北花園⼤酒店,Taipei,241,7471,0.17,996.00,1276330,11596481,14318020,170.81,1281,2020-05-31
雲品溫泉酒店⽇⽉潭,Scenery,211,6541,0.37,7844.00,18911499,10806766,32159948,2891.30,2411,2020-03-31
台北寒舍艾美酒店,Taipei,160,4960,0.35,5203.13,8933778,42594270,57537940,1801.16,1717,2020-07-31
樂樂日暉溫泉酒店,Others,48,1488,0.49,2498.88,1824183,0,1824183,1225.93,730,2020-10-31
板橋凱撒⼤飯店,Others,400,11600,0.31,3445.00,12377036,4004919,16406565,1066.92,3593,2020-02-29
台北花園⼤酒店,Taipei,241,7471,0.13,1968.00,1857775,8407432,11348315,248.76,944,2020-03-31
鈺通⼤飯店,Others,120,3600,0.20,1880.00,1319990,2684711,4022584,366.60,702,2020-06-30
礁溪老爺⼤酒店,Scenery,197,5910,0.84,6785.00,33491788,21973183,67304940,5666.83,4936,2020-06-30
慶泰⼤飯店,Taipei,150,4500,0.00,0.00,0,75303,288412,0.00,0,2020-06-30
台北美福大飯店,Taipei,146,4526,0.25,4690.56,5342548,49560295,59907386,1180.41,1139,2020-07-31
南方莊園渡假飯店,Taoyuan-Hsinchu-Miaoli,111,3330,0.52,2740.82,4785470,13830234,22286186,1437.08,1746,2020-11-30
台中港酒店,Taichung,200,6000,0.77,2596.00,12069233,3176480,16099652,2011.38,4649,2020-06-30
台糖長榮酒店(台南),Others,197,6107,0.78,2611.57,12438893,19707576,33451669,2036.83,4763,2020-10-31
蘭城晶英酒店,Others,193,5983,0.32,8472.00,15986533,32985103,54537952,2672.07,1887,2020-05-31
⻑榮桂冠酒店(基隆),Others,140,4200,0.13,2348.00,1275059,907045,3186952,303.60,543,2020-04-30
晶華酒店,Taipei,538,16140,0.56,3189.85,28641639,105392431,149836205,1774.57,8979,2020-09-30
花蓮亞士都飯店,Hualien,167,5010,0.59,1101.64,3230000,1695000,4934392,644.71,2932,2020-09-30
歐華酒店,Taipei,112,3360,0.04,3133.00,376012,2524812,3240225,111.85,120,2020-04-30
新⽵老爺⼤酒店,Taoyuan-Hsinchu-Miaoli,208,6448,0.28,2633.00,4703376,7683348,13110011,729.34,1786,2020-05-31
墾丁福華渡假飯店,Scenery,458,14198,0.30,2273.00,9803712,3336506,13675382,690.54,4313,2020-03-31
太魯閣晶英酒店,Scenery,160,4800,0.55,7602.00,20144495,6399401,29306826,4197.06,2650,2020-04-30
凱撒大飯店,Scenery,281,8711,0.99,7847.50,67370790,10344698,81129028,7733.99,8585,2020-08-31
台北美福⼤飯店,Taipei,146,4526,0.60,6851.00,18633800,93236212,120180058,4117.45,2720,2020-01-31
台北W飯店,Taipei,405,12555,0.36,6023.90,27312350,35839549,70385958,2175.42,4534,2020-10-31
長榮鳳凰酒店(礁溪),Others,231,6930,0.64,5991.01,26654000,17827395,52270188,3846.18,4449,2020-11-30
日勝生加賀屋國際溫泉飯店,Taipei,90,2700,0.46,7412.34,9272841,9322599,25511934,3434.39,1251,2020-09-30
三德⼤飯店,Taipei,287,8897,0.13,919.00,1094010,64662,2088042,123.05,1191,2020-05-31
華泰王⼦⼤飯店,Taipei,220,6600,0.16,1212.00,1260439,8707707,10688801,191.01,1040,2020-06-30
六福客棧,Taipei,230,6670,0.40,1408.00,3756444,6114671,10392635,563.20,2668,2020-02-29
六福客棧,Taipei,230,7130,0.67,1462.00,7011241,10102588,17730644,983.49,4796,2020-01-31
⻑榮桂冠酒店(台中),Taichung,354,10620,0.50,2054.00,10888159,17907264,32725794,1025.15,5300,2020-06-30
知本老爺⼤酒店,Scenery,182,5460,0.52,3981.00,11296821,5568926,19063484,2069.32,2838,2020-04-30
和逸飯店桃園青埔館,Taoyuan-Hsinchu-Miaoli,218,6758,0.83,4462.40,25118828,22278201,52238599,3716.90,5629,2020-08-31
台北凱撒大飯店,Taipei,478,14340,0.41,1887.29,11221798,16417929,31624135,782.55,5946,2020-09-30
神旺⼤飯店,Taipei,268,8040,0.02,2659.00,491857,21437117,23509839,61.16,185,2020-06-30
台中⾦典酒店,Taichung,222,6438,0.41,2854.00,7524240,8617315,22849415,1168.43,2636,2020-02-29
名人堂花園大飯店,Taoyuan-Hsinchu-Miaoli,128,3840,0.47,4857.67,8836106,17274246,34308175,2301.07,1819,2020-11-30
遠雄悅來大飯店,Hualien,381,11430,0.85,3011.27,29221358,17940081,54767465,2556.55,9704,2020-11-30
第一大飯店,Taipei,176,5280,0.15,1184.91,928969,2920962,23305071,175.94,784,2020-11-30
台北君悅酒店,Taipei,850,25500,0.23,4065.50,24193769,83107576,122698270,948.78,5951,2020-11-30
台北華國⼤飯店,Taipei,326,10106,0.65,2936.00,19225152,28196247,49845151,1902.23,6548,2020-01-31
福容⼤飯店福隆,Scenery,174,5394,0.34,2862.00,5217038,3078965,8462579,967.36,1823,2020-05-31
大板根渡假酒店,Others,95,2945,0.96,4864.01,13750555,15213947,47297835,4669.12,2827,2020-07-31
高雄福華大飯店,Kaohsiung,271,8401,0.55,2279.31,10566894,16737021,30442497,1257.81,4636,2020-07-31
慶泰大飯店,Taipei,150,4650,0.00,,0,829260,1071543,,0,2020-07-31
⻑榮鳳凰酒店(礁溪),Others,231,6930,0.23,4948.00,8024947,6194965,17996832,1158.33,1622,2020-04-30
亞都麗緻⼤飯店,Taipei,209,6479,0.09,3990.00,2254470,6980772,11630180,347.93,565,2020-03-31
新⽵老爺⼤酒店,Taoyuan-Hsinchu-Miaoli,208,6032,0.27,2946.00,4870352,6202996,11605669,807.20,1653,2020-02-29
陽明⼭中國麗緻⼤飯店,Scenery,47,1457,0.20,3040.00,905884,1336622,3613011,621.68,298,2020-03-31
三德⼤飯店,Taipei,287,8897,0.11,1215.00,1172712,56449,4133989,131.83,965,2020-03-31
⾼雄福華⼤飯店,Kaohsiung,271,8401,0.26,1947.00,4260739,11200044,17403047,507.00,2188,2020-05-31
馥藝⾦鬱⾦香酒店,Taoyuan-Hsinchu-Miaoli,191,5730,0.19,2685.00,2915591,1304273,4334186,508.81,1086,2020-04-30
台中⾦典酒店,Taichung,222,6660,0.45,2782.00,8246939,13566640,28831905,1237.99,2964,2020-06-30
鈺通⼤飯店,Others,120,3600,0.06,2151.00,464705,1181005,1677660,129.06,216,2020-04-30
台北中⼭雅樂軒酒店,Taipei,88,2640,0.17,2745.00,1254416,237808,1664604,475.16,457,2020-04-30
大板根渡假酒店,Others,95,2945,0.96,4985.00,14122510,20433661,57907530,4795.42,2833,2020-10-31
台北寒舍艾美酒店,Taipei,160,4640,0.27,7121.00,9064631,26604677,42729803,1954.00,1273,2020-02-29
豪景⼤酒店,Taipei,209,6479,0.65,2289.00,9568929,3233447,13083325,1476.86,4180,2020-01-31
國王⼤飯店,Taipei,97,2910,0.01,2483.00,49661,144303,240392,17.13,20,2020-06-30
知本老爺⼤酒店,Scenery,182,5460,0.88,4098.00,19720208,10037586,33917033,3611.57,4812,2020-06-30
尊爵天際⼤飯店,Taoyuan-Hsinchu-Miaoli,250,7500,0.22,1784.00,2947899,28996170,31994452,393.02,1652,2020-04-30
美侖⼤飯店,Hualien,343,10290,0.28,1550.00,4413849,1488362,6091523,428.89,2847,2020-04-30
台北君悅酒店,Taipei,850,25500,0.06,4427.00,6516412,36464007,51239927,255.44,1472,2020-04-30
第一⼤飯店,Taipei,176,5456,0.05,1533.00,406376,2769339,22500727,74.50,265,2020-03-31
日月行館,Scenery,92,2760,0.34,14446.06,13680423,332906,14275334,4956.67,947,2020-11-30
義華酒店,Taipei,149,4619,0.15,3066.00,2094078,170423,2590677,453.36,683,2020-08-31
三德大飯店,Taipei,287,8610,0.08,3436.55,2484628,403799,3763588,288.57,723,2020-11-30
美侖大飯店,Hualien,343,10290,0.48,2303.86,11482420,4616359,16859923,1115.88,4984,2020-09-30
瓏山林台北中和飯店,Others,126,3906,0.18,2089.73,1429375,3086625,5204112,365.94,684,2020-10-31
寒舍艾麗酒店,Taipei,235,7285,0.53,3642.19,14058852,11317783,28270391,1929.84,3860,2020-08-31
國賓⼤飯店,Taipei,422,12660,0.18,1730.00,3886367,63608086,71678195,306.90,2246,2020-06-30
⼭泉⼤飯店,Others,146,4526,0.53,1485.00,3537712,708760,4432667,781.56,2382,2020-05-31
福華⼤飯店,Taipei,606,18180,0.20,2274.00,8174000,28895000,51269000,449.57,3594,2020-06-30
台南⼤員皇冠假⽇酒店,Others,230,7130,0.46,2703.00,8914368,10523640,21717309,1250.41,3298,2020-05-31
亞都麗緻大飯店,Taipei,209,6270,0.27,2778.54,4784643,12964469,22681739,763.10,1722,2020-09-30
知本老爺大酒店,Scenery,182,5642,0.94,4785.87,25259833,12402777,42252053,4477.11,5278,2020-12-31
麗尊大酒店,Kaohsiung,188,5828,0.51,2326.00,6859374,12313496,19927437,1176.97,2949,2020-10-31
⻄華⼤飯店,Taipei,343,10633,0.11,2209.00,2652452,10139723,14485788,249.62,1201,2020-05-31
台糖⻑榮酒店(台南),Others,197,6107,0.26,2291.00,3655689,9385883,13775140,598.64,1596,2020-03-31
晶悅國際飯店,Taoyuan-Hsinchu-Miaoli,383,11873,0.51,1844.00,11167532,14325453,27639563,940.44,6055,2020-01-31
太魯閣晶英酒店,Scenery,160,4800,0.88,8102.76,34112603,10702465,49414547,7106.79,4210,2020-09-30
華園大飯店,Kaohsiung,269,8070,0.52,1325.22,5540744,3703557,9745914,686.59,4181,2020-09-30
第一大飯店,Taipei,176,5456,0.15,1204.26,954980,3490010,23460499,175.03,793,2020-08-31
福容大飯店 林口,Taoyuan-Hsinchu-Miaoli,149,4619,0.58,2479.31,6669352,2583137,9271230,1443.90,2690,2020-10-31
北投麗禧溫泉酒店,Taipei,66,2046,0.77,15411.00,24302360,13529388,46896630,11878.80,1577,2020-01-31
義大皇家酒店,Kaohsiung,656,19680,0.56,2711.87,29749252,19693107,66009431,1511.65,10970,2020-09-30
⼤板根渡假酒店,Others,95,2850,0.22,4315.00,2666671,2582350,9469372,935.49,618,2020-04-30
老爺⼤酒店,Taipei,202,6262,0.12,3883.00,3017044,10102447,16384095,481.88,777,2020-03-31
國王⼤飯店,Taipei,97,3007,0.06,1986.00,359425,183190,587874,119.56,181,2020-03-31
太魯閣晶英酒店,Scenery,160,4960,0.72,8550.00,30359304,10097371,44996250,6120.95,3551,2020-01-31
知本老爺大酒店,Scenery,182,5642,0.96,5101.57,27533177,13840597,47054651,4880.04,5397,2020-08-31
六福客棧,Taipei,230,7130,0.06,1143.00,497253,3332651,4118244,69.72,435,2020-05-31
寶華⼤飯店,Others,78,2418,0.03,1120.00,87392,0,89392,36.18,78,2020-03-31
台北諾富特華航桃園機場飯店,Taoyuan-Hsinchu-Miaoli,516,15996,0.14,3347.00,7530247,5095455,14291274,470.92,2250,2020-05-31
名都觀光渡假⼤飯店,Scenery,97,2910,0.00,2592.00,36286,518269,569692,12.44,14,2020-04-30
花蓮翰品酒店,Hualien,197,6107,0.86,3712.66,19532308,10024873,30179559,3198.35,5261,2020-08-31
趣淘漫旅,Scenery,198,6138,0.93,3402.09,19517766,4900865,27696493,3179.83,5737,2020-08-31
花蓮亞⼠都飯店,Hualien,167,5177,0.33,1620.00,2737119,1566519,4324638,528.77,1690,2020-01-31
雲品溫泉酒店日月潭,Scenery,211,6541,0.90,9054.27,53365850,28959636,88107983,8158.67,5894,2020-07-31
長榮桂冠酒店(基隆),Others,140,4340,0.88,2784.78,10612813,5491342,19105992,2445.35,3811,2020-10-31
蘭城晶英酒店,Others,193,5983,0.82,9744.81,47817799,50355186,109244551,7992.28,4907,2020-10-31
台北寒舍喜來登⼤飯店,Taipei,688,21328,0.61,4829.00,63292847,147921618,234399860,2967.42,13107,2020-01-31
古華花園飯店,Taoyuan-Hsinchu-Miaoli,255,7905,0.65,2604.17,13359368,18483053,32848743,1689.99,5130,2020-12-31
花蓮亞士都飯店,Hualien,167,5177,0.64,1394.36,4600000,2270000,6896843,888.55,3299,2020-10-31
古華花園飯店,Taoyuan-Hsinchu-Miaoli,255,7650,0.25,2185.00,4172602,15467362,20030471,545.59,1910,2020-04-30
北投麗禧溫泉酒店,Taipei,66,1914,0.38,15151.00,10969187,4754539,22708542,5731.62,724,2020-02-29
雲品溫泉酒店日月潭,Scenery,211,6541,0.89,9711.46,56413895,27868873,90230175,8624.66,5809,2020-12-31
福容大飯店 淡水漁人碼頭,Others,198,5940,0.40,4479.74,10679708,12123870,24293497,1797.93,2384,2020-11-30
台北諾富特華航桃園機場飯店,Taoyuan-Hsinchu-Miaoli,516,15480,0.35,3031.58,16416029,11060950,31757095,1060.47,5415,2020-09-30
⻑榮桂冠酒店(基隆),Others,140,4340,0.27,2141.00,2509821,2613229,6333056,578.07,1172,2020-05-31
娜路彎⼤酒店,Others,276,8556,0.36,3208.00,9771363,5132653,15186793,1142.05,3046,2020-05-31
晶英國際⾏館,Kaohsiung,147,4263,0.16,6890.00,4802226,8579256,14887126,1126.52,697,2020-02-29
名人堂花園大飯店,Taoyuan-Hsinchu-Miaoli,128,3968,0.84,4950.40,16465015,24707362,59105538,4149.45,3326,2020-08-31
板橋凱撒⼤飯店,Others,400,12000,0.17,2256.00,4485556,2706065,7194800,373.82,1988,2020-04-30
尊爵大飯店,Taoyuan-Hsinchu-Miaoli,231,7161,0.32,2438.07,5575866,11834947,18399648,778.64,2287,2020-10-31
涵碧樓大飯店,Scenery,96,2976,0.88,15458.83,40285699,9994198,56563066,13536.86,2606,2020-10-31
麗尊⼤酒店,Kaohsiung,188,5452,0.33,2192.00,3933003,10948953,15514342,721.39,1794,2020-02-29
華園⼤飯店,Kaohsiung,269,8339,0.63,1820.00,9565835,7336115,17485186,1147.15,5256,2020-01-31
台北君品⼤酒店,Taipei,286,8866,0.74,4997.00,32629081,59637845,97458669,3680.29,6530,2020-01-31
瑞穗天合國際觀光酒店,Hualien,198,5940,0.33,6499.00,12758368,6603571,22221025,2147.92,1963,2020-04-30
天成⼤飯店,Taipei,225,6975,0.17,2791.00,3349014,7607392,11697632,480.05,1200,2020-03-31
悅川酒店,Others,103,2987,0.73,2973.00,6482199,6019519,12501718,2169.70,2180,2020-02-29
⻑榮鳳凰酒店(礁溪),Others,231,6699,0.66,5468.00,24342229,15133795,46745590,3634.03,4452,2020-02-29
尊爵天際大飯店,Taoyuan-Hsinchu-Miaoli,250,7750,0.17,2150.75,2841143,17159534,20136556,366.60,1321,2020-07-31
圓⼭⼤飯店,Taipei,500,15500,0.07,3208.00,3570844,11498239,18723562,230.33,1113,2020-03-31
長榮鳳凰酒店(礁溪),Others,231,7161,0.84,5599.81,33828476,21616111,62447581,4723.99,6041,2020-07-31
台北中⼭雅樂軒酒店,Taipei,88,2728,0.12,3599.00,1183949,296869,1666999,434.04,329,2020-03-31
寒軒國際⼤飯店,Kaohsiung,380,11020,0.28,1965.00,6069201,8963522,15764521,550.79,3089,2020-02-29
六福客棧,Taipei,230,7130,0.34,1194.99,2920559,0,3286209,409.62,2444,2020-10-31
三德⼤飯店,Taipei,287,8897,0.29,2295.00,5836843,427245,7273263,655.91,2543,2020-01-31
寒舍艾麗酒店,Taipei,235,7285,0.61,3378.81,14907311,10469779,28307881,2046.30,4412,2020-07-31
鈺通⼤飯店,Others,120,3720,0.06,2022.00,475066,2586824,3078328,127.79,235,2020-03-31
涵碧樓⼤飯店,Scenery,96,2976,0.57,13336.00,22457374,2592548,28119523,7546.84,1684,2020-05-31
